<?xml version="1.0" encoding="UTF-8"?>
<!DOCTYPE html PUBLIC "-//W3C//DTD XHTML 1.0 Transitional//EN"
    "http://www.w3.org/TR/xhtml1/DTD/xhtml1-transitional.dtd">
<html xmlns="http://www.w3.org/1999/xhtml" xml:lang="en" lang="en">
 <head>
  <title>
</title>
<meta http-equiv="Content-Type" content="text/html;charset=utf-8" />
  <meta name='ocr-system' content='tesseract 3.04.00' />
  <meta name='ocr-capabilities' content='ocr_page ocr_carea ocr_par ocr_line ocrx_word'/>
</head>
<body>
  <div class='ocr_page' id='page_1' title='image "./manualelatinitat00dirk_1041.png"; bbox 0 0 2197 3121; ppageno 0'>
   <div class='ocr_carea' id='block_1_1' title="bbox 900 152 1043 183">
    <p class='ocr_par' dir='ltr' id='par_1_1' title="bbox 900 152 1043 183">
     <span class='ocr_line' id='line_1_1' title="bbox 900 152 1043 183; baseline 0.014 -2"><span class='ocrx_word' id='word_1_1' title='bbox 900 152 990 183; x_wconf 89' lang='lat' dir='ltr'><strong>VUL</strong></span> <span class='ocrx_word' id='word_1_2' title='bbox 1005 170 1043 176; x_wconf 86' lang='lat'>—</span> 
     </span>
    </p>
   </div>
   <div class='ocr_carea' id='block_1_2' title="bbox 170 233 1005 314">
    <p class='ocr_par' dir='ltr' id='par_1_2' title="bbox 170 233 1005 314">
     <span class='ocr_line' id='line_1_2' title="bbox 170 233 1005 273; baseline -0.002 -11"><span class='ocrx_word' id='word_1_3' title='bbox 170 235 202 262; x_wconf 80' lang='lat' dir='ltr'><strong>de</strong></span> <span class='ocrx_word' id='word_1_4' title='bbox 222 240 289 273; x_wconf 82' lang='lat' dir='ltr'><strong>pact.</strong></span> <span class='ocrx_word' id='word_1_5' title='bbox 315 234 368 261; x_wconf 88' lang='lat' dir='ltr'><strong>dot.</strong></span> <span class='ocrx_word' id='word_1_6' title='bbox 386 237 428 261; x_wconf 74' lang='lat'><strong>213.</strong></span> <span class='ocrx_word' id='word_1_7' title='bbox 448 236 473 260; x_wconf 93' lang='lat'><strong>4.</strong></span> <span class='ocrx_word' id='word_1_8' title='bbox 497 234 527 260; x_wconf 81' lang='lat' dir='ltr'><strong>fr.</strong></span> <span class='ocrx_word' id='word_1_9' title='bbox 548 236 573 261; x_wconf 92' lang='lat'><strong>3.</strong></span> <span class='ocrx_word' id='word_1_10' title='bbox 599 244 638 272; x_wconf 91' lang='lat' dir='ltr'><strong>pr.</strong></span> <span class='ocrx_word' id='word_1_11' title='bbox 663 233 695 260; x_wconf 86' lang='grc'><strong>(18</strong></span> <span class='ocrx_word' id='word_1_12' title='bbox 720 233 810 271; x_wconf 89' lang='lat' dir='ltr'><strong>popul.</strong></span> <span class='ocrx_word' id='word_1_13' title='bbox 835 238 884 260; x_wconf 79' lang='lat' dir='ltr'><strong>act.</strong></span> <span class='ocrx_word' id='word_1_14' title='bbox 903 235 944 261; x_wconf 88' lang='lat'><strong>47.</strong></span> <span class='ocrx_word' id='word_1_15' title='bbox 963 235 1005 260; x_wconf 83' lang='lat'><strong>23.</strong></span> 
     </span>
     <span class='ocr_line' id='line_1_3' title="bbox 170 276 793 314; baseline -0.002 -9"><span class='ocrx_word' id='word_1_16' title='bbox 170 278 299 314; x_wconf 76' lang='lat' dir='ltr'><strong>Quaestio</strong></span> <span class='ocrx_word' id='word_1_17' title='bbox 318 277 388 314; x_wconf 78' lang='lat' dir='ltr'><strong>vulg.</strong></span> <span class='ocrx_word' id='word_1_18' title='bbox 408 277 438 304; x_wconf 88' lang='lat' dir='ltr'><strong>fr.</strong></span> <span class='ocrx_word' id='word_1_19' title='bbox 458 278 499 303; x_wconf 98' lang='lat'><strong>21.</strong></span> <span class='ocrx_word' id='word_1_20' title='bbox 519 287 558 314; x_wconf 89' lang='lat' dir='ltr'><strong>pr.</strong></span> <span class='ocrx_word' id='word_1_21' title='bbox 579 276 610 304; x_wconf 88' lang='lat' dir='ltr'><strong>dc</strong></span> <span class='ocrx_word' id='word_1_22' title='bbox 630 277 690 304; x_wconf 88' lang='lat' dir='ltr'><strong>furt.</strong></span> <span class='ocrx_word' id='word_1_23' title='bbox 710 279 750 304; x_wconf 84' lang='lat'><strong>47.</strong></span> <span class='ocrx_word' id='word_1_24' title='bbox 769 279 793 304; x_wconf 82' lang='lat'><strong>2.</strong></span> 
     </span>
    </p>
   </div>
   <div class='ocr_carea' id='block_1_3' title="bbox 169 329 1006 614">
    <p class='ocr_par' dir='ltr' id='par_1_3' title="bbox 169 329 1006 614">
     <span class='ocr_line' id='line_1_4' title="bbox 204 329 1004 366; baseline -0.003 -7"><span class='ocrx_word' id='word_1_25' title='bbox 204 333 397 366; x_wconf 75' lang='lat' dir='ltr'><strong>Vulgatus.</strong></span> <span class='ocrx_word' id='word_1_26' title='bbox 417 331 545 364; x_wconf 84' lang='lat' dir='ltr'><strong>(Partic.)</strong></span> <span class='ocrx_word' id='word_1_27' title='bbox 571 332 601 365; x_wconf 67' lang='grc' dir='ltr'><strong>ξ.</strong></span> <span class='ocrx_word' id='word_1_28' title='bbox 622 333 656 358; x_wconf 91' lang='grc'><strong>1.</strong></span> <span class='ocrx_word' id='word_1_29' title='bbox 685 333 926 366; x_wconf 72' lang='lat' dir='ltr'><strong>Promulgatus.</strong></span> <span class='ocrx_word' id='word_1_30' title='bbox 963 329 1004 357; x_wconf 86' lang='lat' dir='ltr'><strong>Cf.</strong></span> 
     </span>
     <span class='ocr_line' id='line_1_5' title="bbox 170 374 1005 411; baseline -0.002 -10"><span class='ocrx_word' id='word_1_31' title='bbox 170 385 195 402; x_wconf 87' lang='lat' dir='ltr'><strong>v.</strong></span> <span class='ocrx_word' id='word_1_32' title='bbox 218 374 338 411; x_wconf 79' lang='lat' dir='ltr'><strong>Vulgare.</strong></span> <span class='ocrx_word' id='word_1_33' title='bbox 363 390 395 394; x_wconf 93' lang='lat'><strong>--</strong></span> <span class='ocrx_word' id='word_1_34' title='bbox 423 375 454 408; x_wconf 64' lang='grc' dir='ltr'><strong>ξ.</strong></span> <span class='ocrx_word' id='word_1_35' title='bbox 479 375 514 400; x_wconf 93' lang='grc'><strong>2.</strong></span> <span class='ocrx_word' id='word_1_36' title='bbox 542 376 732 405; x_wconf 76' lang='lat' dir='ltr'><strong>consuetus,</strong></span> <span class='ocrx_word' id='word_1_37' title='bbox 757 376 918 400; x_wconf 74' lang='lat' dir='ltr'><strong>consensu</strong></span> <span class='ocrx_word' id='word_1_38' title='bbox 936 374 1005 409; x_wconf 82' lang='lat' dir='ltr'><strong>fir-</strong></span> 
     </span>
     <span class='ocr_line' id='line_1_6' title="bbox 170 415 1005 452; baseline -0.004 -8"><span class='ocrx_word' id='word_1_39' title='bbox 170 424 282 444; x_wconf 65' lang='lat' dir='ltr'><strong>inatus.</strong></span> <span class='ocrx_word' id='word_1_40' title='bbox 319 417 337 443; x_wconf 88' lang='lat'><strong>1.</strong></span> <span class='ocrx_word' id='word_1_41' title='bbox 357 418 418 451; x_wconf 75' lang='lat' dir='ltr'><strong>Sy.</strong></span> <span class='ocrx_word' id='word_1_42' title='bbox 443 416 569 443; x_wconf 82' lang='lat' dir='ltr'><strong>Moribus.</strong></span> <span class='ocrx_word' id='word_1_43' title='bbox 594 416 652 443; x_wconf 88' lang='lat' dir='ltr'><strong>lure</strong></span> <span class='ocrx_word' id='word_1_44' title='bbox 672 416 783 452; x_wconf 79' lang='lat' dir='ltr'><strong>vulgatu.</strong></span> <span class='ocrx_word' id='word_1_45' title='bbox 808 416 838 442; x_wconf 88' lang='lat' dir='ltr'><strong>fr.</strong></span> <span class='ocrx_word' id='word_1_46' title='bbox 864 417 885 442; x_wconf 96' lang='lat'><strong>1.</strong></span> <span class='ocrx_word' id='word_1_47' title='bbox 910 415 939 442; x_wconf 87' lang='lat' dir='ltr'><strong>sr.</strong></span> <span class='ocrx_word' id='word_1_48' title='bbox 964 417 1005 441; x_wconf 80' lang='lat'><strong>32.</strong></span> 
     </span>
     <span class='ocr_line' id='line_1_7' title="bbox 170 457 1006 495; baseline -0.004 -8"><span class='ocrx_word' id='word_1_49' title='bbox 170 461 192 495; x_wconf 85' lang='lat'><strong>§.</strong></span> <span class='ocrx_word' id='word_1_50' title='bbox 211 462 252 486; x_wconf 81' lang='lat'><strong>24.</strong></span> <span class='ocrx_word' id='word_1_51' title='bbox 273 459 305 486; x_wconf 87' lang='lat' dir='ltr'><strong>de</strong></span> <span class='ocrx_word' id='word_1_52' title='bbox 329 459 389 485; x_wconf 89' lang='lat' dir='ltr'><strong>don.</strong></span> <span class='ocrx_word' id='word_1_53' title='bbox 413 460 459 485; x_wconf 90' lang='lat' dir='ltr'><strong>int.</strong></span> <span class='ocrx_word' id='word_1_54' title='bbox 484 458 515 486; x_wconf 89' lang='lat' dir='ltr'><strong>V.</strong></span> <span class='ocrx_word' id='word_1_55' title='bbox 534 462 575 485; x_wconf 80' lang='grc'><strong>2-1.</strong></span> <span class='ocrx_word' id='word_1_56' title='bbox 598 461 619 485; x_wconf 97' lang='lat' dir='ltr'><strong>l.</strong></span> <span class='ocrx_word' id='word_1_57' title='bbox 656 459 698 485; x_wconf 85' lang='grc'><strong>111.</strong></span> <span class='ocrx_word' id='word_1_58' title='bbox 719 460 783 486; x_wconf 77' lang='lat' dir='ltr'><strong>Gn.</strong></span> <span class='ocrx_word' id='word_1_59' title='bbox 813 458 892 494; x_wconf 82' lang='lat' dir='ltr'><strong>Quod</strong></span> <span class='ocrx_word' id='word_1_60' title='bbox 918 457 1006 494; x_wconf 75' lang='lat' dir='ltr'><strong>vulga-</strong></span> 
     </span>
     <span class='ocr_line' id='line_1_8' title="bbox 170 501 1005 530; baseline -0.004 0"><span class='ocrx_word' id='word_1_61' title='bbox 170 508 224 530; x_wconf 78' lang='lat' dir='ltr'><strong>tum</strong></span> <span class='ocrx_word' id='word_1_62' title='bbox 244 508 284 529; x_wconf 78' lang='lat' dir='ltr'><strong>est</strong></span> <span class='ocrx_word' id='word_1_63' title='bbox 303 507 351 528; x_wconf 83' lang='lat' dir='ltr'><strong>ete.</strong></span> <span class='ocrx_word' id='word_1_64' title='bbox 372 517 403 521; x_wconf 91' lang='lat'><strong>—-</strong></span> <span class='ocrx_word' id='word_1_65' title='bbox 423 506 485 527; x_wconf 83' lang='lat' dir='ltr'><strong>tunc</strong></span> <span class='ocrx_word' id='word_1_66' title='bbox 505 502 590 528; x_wconf 84' lang='lat' dir='ltr'><strong>locum</strong></span> <span class='ocrx_word' id='word_1_67' title='bbox 611 502 695 528; x_wconf 87' lang='lat' dir='ltr'><strong>habet.</strong></span> <span class='ocrx_word' id='word_1_68' title='bbox 716 501 745 528; x_wconf 83' lang='lat' dir='ltr'><strong>sr.</strong></span> <span class='ocrx_word' id='word_1_69' title='bbox 765 503 806 528; x_wconf 68' lang='lat'><strong>68.</strong></span> <span class='ocrx_word' id='word_1_70' title='bbox 826 501 858 528; x_wconf 85' lang='lat' dir='ltr'><strong>de</strong></span> <span class='ocrx_word' id='word_1_71' title='bbox 877 503 932 528; x_wconf 89' lang='lat' dir='ltr'><strong>iure</strong></span> <span class='ocrx_word' id='word_1_72' title='bbox 952 501 1005 527; x_wconf 89' lang='lat' dir='ltr'><strong>dot.</strong></span> 
     </span>
     <span class='ocr_line' id='line_1_9' title="bbox 169 543 1004 581; baseline -0.001 -10"><span class='ocrx_word' id='word_1_73' title='bbox 169 546 211 572; x_wconf 86' lang='lat'><strong>23.</strong></span> <span class='ocrx_word' id='word_1_74' title='bbox 234 546 274 572; x_wconf 51' lang='lat'><strong>35</strong></span> <span class='ocrx_word' id='word_1_75' title='bbox 294 545 343 571; x_wconf 89' lang='lat' dir='ltr'><strong>Est</strong></span> <span class='ocrx_word' id='word_1_76' title='bbox 370 546 488 581; x_wconf 80' lang='lat' dir='ltr'><strong>quaestio</strong></span> <span class='ocrx_word' id='word_1_77' title='bbox 516 545 627 581; x_wconf 81' lang='lat' dir='ltr'><strong>vulgata.</strong></span> <span class='ocrx_word' id='word_1_78' title='bbox 656 545 685 572; x_wconf 86' lang='lat' dir='ltr'><strong>fr.</strong></span> <span class='ocrx_word' id='word_1_79' title='bbox 711 546 730 570; x_wconf 92' lang='lat' dir='ltr'><strong>l.</strong></span> <span class='ocrx_word' id='word_1_80' title='bbox 760 544 782 577; x_wconf 83' lang='lat'><strong>§.</strong></span> <span class='ocrx_word' id='word_1_81' title='bbox 808 547 831 570; x_wconf 83' lang='grc'><strong>2.</strong></span> <span class='ocrx_word' id='word_1_82' title='bbox 861 554 908 581; x_wconf 87' lang='lat' dir='ltr'><strong>pro</strong></span> <span class='ocrx_word' id='word_1_83' title='bbox 936 543 1004 571; x_wconf 88' lang='lat' dir='ltr'><strong>dote.</strong></span> 
     </span>
     <span class='ocr_line' id='line_1_10' title="bbox 169 589 254 614; baseline 0.012 -1"><span class='ocrx_word' id='word_1_84' title='bbox 169 589 211 614; x_wconf 85' lang='lat'><strong>41.</strong></span> <span class='ocrx_word' id='word_1_85' title='bbox 231 589 254 614; x_wconf 89' lang='grc'><strong>9.</strong></span> 
     </span>
    </p>
   </div>
   <div class='ocr_carea' id='block_1_4' title="bbox 166 637 1006 1742">
    <p class='ocr_par' dir='ltr' id='par_1_4' title="bbox 166 637 1006 1742">
     <span class='ocr_line' id='line_1_11' title="bbox 204 637 1005 672; baseline -0.001 -8"><span class='ocrx_word' id='word_1_86' title='bbox 204 639 335 672; x_wconf 76' lang='lat' dir='ltr'><strong>Vulgo,</strong></span> <span class='ocrx_word' id='word_1_87' title='bbox 357 647 377 664; x_wconf 78' lang='lat' dir='ltr'><strong>S.</strong></span> <span class='ocrx_word' id='word_1_88' title='bbox 397 638 524 672; x_wconf 73' lang='lat' dir='ltr'><strong>Volgo.</strong></span> <span class='ocrx_word' id='word_1_89' title='bbox 544 638 655 671; x_wconf 86' lang='lat' dir='ltr'><strong>(Advb.)</strong></span> <span class='ocrx_word' id='word_1_90' title='bbox 674 638 705 671; x_wconf 63' lang='grc' dir='ltr'><strong>δ.</strong></span> <span class='ocrx_word' id='word_1_91' title='bbox 719 637 754 664; x_wconf 84' lang='lat' dir='ltr'><strong>l.</strong></span> <span class='ocrx_word' id='word_1_92' title='bbox 768 639 911 669; x_wconf 74' lang='lat' dir='ltr'><strong>Passim,</strong></span> <span class='ocrx_word' id='word_1_93' title='bbox 931 638 1005 663; x_wconf 80' lang='lat' dir='ltr'><strong>Sine</strong></span> 
     </span>
     <span class='ocr_line' id='line_1_12' title="bbox 168 679 1005 717; baseline -0.004 -9"><span class='ocrx_word' id='word_1_94' title='bbox 168 682 300 708; x_wconf 78' lang='lat' dir='ltr'><strong>delectu.</strong></span> <span class='ocrx_word' id='word_1_95' title='bbox 337 679 355 706; x_wconf 92' lang='grc'><strong>1.</strong></span> <span class='ocrx_word' id='word_1_96' title='bbox 376 681 437 714; x_wconf 74' lang='lat' dir='ltr'><strong>Sy.</strong></span> <span class='ocrx_word' id='word_1_97' title='bbox 462 680 525 707; x_wconf 86' lang='lat' dir='ltr'><strong>Sine</strong></span> <span class='ocrx_word' id='word_1_98' title='bbox 544 680 658 717; x_wconf 79' lang='lat' dir='ltr'><strong>legitimo</strong></span> <span class='ocrx_word' id='word_1_99' title='bbox 677 681 850 711; x_wconf 74' lang='lat' dir='ltr'><strong>matrimonio,</strong></span> <span class='ocrx_word' id='word_1_100' title='bbox 868 679 1005 715; x_wconf 77' lang='lat' dir='ltr'><strong>lllegitiine</strong></span> 
     </span>
     <span class='ocr_line' id='line_1_13' title="bbox 170 722 1004 760; baseline -0.002 -10"><span class='ocrx_word' id='word_1_101' title='bbox 170 723 295 760; x_wconf 82' lang='lat' dir='ltr'><strong>(concipi,</strong></span> <span class='ocrx_word' id='word_1_102' title='bbox 314 732 337 750; x_wconf 80' lang='lat' dir='ltr'><strong>v.</strong></span> <span class='ocrx_word' id='word_1_103' title='bbox 357 724 449 755; x_wconf 89' lang='lat' dir='ltr'><strong>nasci.)</strong></span> <span class='ocrx_word' id='word_1_104' title='bbox 475 723 530 750; x_wconf 89' lang='lat' dir='ltr'><strong>Gai.</strong></span> <span class='ocrx_word' id='word_1_105' title='bbox 550 723 568 750; x_wconf 93' lang='lat'><strong>1.</strong></span> <span class='ocrx_word' id='word_1_106' title='bbox 588 725 629 750; x_wconf 75' lang='lat'><strong>89.</strong></span> <span class='ocrx_word' id='word_1_107' title='bbox 648 733 705 759; x_wconf 83' lang='lat' dir='ltr'><strong>sqq.</strong></span> <span class='ocrx_word' id='word_1_108' title='bbox 730 722 760 749; x_wconf 88' lang='lat' dir='ltr'><strong>fr.</strong></span> <span class='ocrx_word' id='word_1_109' title='bbox 780 725 803 749; x_wconf 98' lang='lat'><strong>5.</strong></span> <span class='ocrx_word' id='word_1_110' title='bbox 828 723 849 756; x_wconf 83' lang='lat'><strong>§.</strong></span> <span class='ocrx_word' id='word_1_111' title='bbox 868 724 892 749; x_wconf 83' lang='lat'><strong>2.</strong></span> <span class='ocrx_word' id='word_1_112' title='bbox 912 722 942 750; x_wconf 90' lang='lat' dir='ltr'><strong>fr.</strong></span> <span class='ocrx_word' id='word_1_113' title='bbox 964 723 1004 748; x_wconf 86' lang='lat'><strong>19.</strong></span> 
     </span>
     <span class='ocr_line' id='line_1_14' title="bbox 169 764 1004 793; baseline -0.001 -1"><span class='ocrx_word' id='word_1_114' title='bbox 169 766 200 792; x_wconf 86' lang='lat' dir='ltr'><strong>fr.</strong></span> <span class='ocrx_word' id='word_1_115' title='bbox 219 767 260 792; x_wconf 83' lang='lat'><strong>24.</strong></span> <span class='ocrx_word' id='word_1_116' title='bbox 285 765 317 792; x_wconf 84' lang='grc'><strong>(18</strong></span> <span class='ocrx_word' id='word_1_117' title='bbox 341 771 410 792; x_wconf 80' lang='lat' dir='ltr'><strong>statu</strong></span> <span class='ocrx_word' id='word_1_118' title='bbox 434 766 502 792; x_wconf 89' lang='lat' dir='ltr'><strong>hom.</strong></span> <span class='ocrx_word' id='word_1_119' title='bbox 524 768 545 793; x_wconf 97' lang='lat' dir='ltr'><strong>l.</strong></span> <span class='ocrx_word' id='word_1_120' title='bbox 565 769 587 792; x_wconf 96' lang='lat'><strong>5.</strong></span> <span class='ocrx_word' id='word_1_121' title='bbox 608 766 638 792; x_wconf 83' lang='lat' dir='ltr'><strong>fr.</strong></span> <span class='ocrx_word' id='word_1_122' title='bbox 660 768 698 792; x_wconf 66' lang='lat' dir='ltr'><strong>ls.</strong></span> <span class='ocrx_word' id='word_1_123' title='bbox 723 765 755 791; x_wconf 85' lang='lat' dir='ltr'><strong>de</strong></span> <span class='ocrx_word' id='word_1_124' title='bbox 779 765 839 791; x_wconf 92' lang='lat' dir='ltr'><strong>bon.</strong></span> <span class='ocrx_word' id='word_1_125' title='bbox 858 764 944 791; x_wconf 82' lang='lat' dir='ltr'><strong>libert.</strong></span> <span class='ocrx_word' id='word_1_126' title='bbox 962 765 1004 791; x_wconf 74' lang='grc'><strong>38.</strong></span> 
     </span>
     <span class='ocr_line' id='line_1_15' title="bbox 169 807 1004 844; baseline -0.002 -9"><span class='ocrx_word' id='word_1_127' title='bbox 169 810 194 835; x_wconf 86' lang='grc'><strong>2.</strong></span> <span class='ocrx_word' id='word_1_128' title='bbox 231 807 275 834; x_wconf 88' lang='grc'><strong>111.</strong></span> <span class='ocrx_word' id='word_1_129' title='bbox 295 809 361 836; x_wconf 75' lang='lat' dir='ltr'><strong>Cn.</strong></span> <span class='ocrx_word' id='word_1_130' title='bbox 381 807 457 835; x_wconf 84' lang='lat' dir='ltr'><strong>Vnde</strong></span> <span class='ocrx_word' id='word_1_131' title='bbox 476 810 501 835; x_wconf 93' lang='lat' dir='ltr'><strong>in</strong></span> <span class='ocrx_word' id='word_1_132' title='bbox 521 818 579 835; x_wconf 83' lang='lat' dir='ltr'><strong>eum</strong></span> <span class='ocrx_word' id='word_1_133' title='bbox 598 807 697 839; x_wconf 79' lang='lat' dir='ltr'><strong>locum.</strong></span> <span class='ocrx_word' id='word_1_134' title='bbox 716 818 767 844; x_wconf 88' lang='lat' dir='ltr'><strong>quo</strong></span> <span class='ocrx_word' id='word_1_135' title='bbox 786 808 864 844; x_wconf 83' lang='lat' dir='ltr'><strong>volgo</strong></span> <span class='ocrx_word' id='word_1_136' title='bbox 883 809 933 834; x_wconf 79' lang='lat' dir='ltr'><strong>iter</strong></span> <span class='ocrx_word' id='word_1_137' title='bbox 951 808 1004 839; x_wconf 79' lang='lat' dir='ltr'><strong>fiet,</strong></span> 
     </span>
     <span class='ocr_line' id='line_1_16' title="bbox 169 850 1004 888; baseline -0.001 -10"><span class='ocrx_word' id='word_1_138' title='bbox 169 851 210 878; x_wconf 87' lang='lat' dir='ltr'><strong>vel</strong></span> <span class='ocrx_word' id='word_1_139' title='bbox 230 852 255 878; x_wconf 90' lang='lat' dir='ltr'><strong>in</strong></span> <span class='ocrx_word' id='word_1_140' title='bbox 281 862 332 888; x_wconf 89' lang='lat' dir='ltr'><strong>quo</strong></span> <span class='ocrx_word' id='word_1_141' title='bbox 357 852 529 883; x_wconf 83' lang='lat' dir='ltr'><strong>consistetur,</strong></span> <span class='ocrx_word' id='word_1_142' title='bbox 555 850 683 877; x_wconf 87' lang='lat' dir='ltr'><strong>deiectum</strong></span> <span class='ocrx_word' id='word_1_143' title='bbox 708 855 755 877; x_wconf 80' lang='lat' dir='ltr'><strong>ete.</strong></span> <span class='ocrx_word' id='word_1_144' title='bbox 780 850 810 877; x_wconf 89' lang='lat' dir='ltr'><strong>fr.</strong></span> <span class='ocrx_word' id='word_1_145' title='bbox 831 852 853 876; x_wconf 82' lang='lat' dir='ltr'><strong>l.</strong></span> <span class='ocrx_word' id='word_1_146' title='bbox 873 861 912 888; x_wconf 90' lang='lat' dir='ltr'><strong>pr.</strong></span> <span class='ocrx_word' id='word_1_147' title='bbox 932 850 961 877; x_wconf 83' lang='lat' dir='ltr'><strong>fr.</strong></span> <span class='ocrx_word' id='word_1_148' title='bbox 981 853 1004 876; x_wconf 89' lang='lat'><strong>5.</strong></span> 
     </span>
     <span class='ocr_line' id='line_1_17' title="bbox 170 892 1004 931; baseline -0.001 -10"><span class='ocrx_word' id='word_1_149' title='bbox 170 894 192 928; x_wconf 58' lang='grc' dir='ltr'><strong>ᾖ.</strong></span> <span class='ocrx_word' id='word_1_150' title='bbox 212 895 236 921; x_wconf 90' lang='grc'><strong>6.</strong></span> <span class='ocrx_word' id='word_1_151' title='bbox 256 894 288 921; x_wconf 88' lang='grc'><strong>(18</strong></span> <span class='ocrx_word' id='word_1_152' title='bbox 307 894 331 920; x_wconf 91' lang='lat' dir='ltr'><strong>h.</strong></span> <span class='ocrx_word' id='word_1_153' title='bbox 352 895 395 931; x_wconf 91' lang='lat' dir='ltr'><strong>qui</strong></span> <span class='ocrx_word' id='word_1_154' title='bbox 415 893 491 920; x_wconf 75' lang='lat' dir='ltr'><strong>eil&#39;ud.</strong></span> <span class='ocrx_word' id='word_1_155' title='bbox 511 895 534 920; x_wconf 93' lang='lat'><strong>9.</strong></span> <span class='ocrx_word' id='word_1_156' title='bbox 553 895 577 920; x_wconf 91' lang='grc'><strong>3.</strong></span> <span class='ocrx_word' id='word_1_157' title='bbox 597 893 628 920; x_wconf 87' lang='lat' dir='ltr'><strong>cf.</strong></span> <span class='ocrx_word' id='word_1_158' title='bbox 649 893 678 919; x_wconf 88' lang='lat' dir='ltr'><strong>fr.</strong></span> <span class='ocrx_word' id='word_1_159' title='bbox 696 894 737 919; x_wconf 87' lang='lat'><strong>31.</strong></span> <span class='ocrx_word' id='word_1_160' title='bbox 758 892 789 919; x_wconf 78' lang='lat' dir='ltr'><strong>ad</strong></span> <span class='ocrx_word' id='word_1_161' title='bbox 808 892 836 919; x_wconf 84' lang='lat' dir='ltr'><strong>L.</strong></span> <span class='ocrx_word' id='word_1_162' title='bbox 857 894 924 930; x_wconf 83' lang='lat' dir='ltr'><strong>Aqu.</strong></span> <span class='ocrx_word' id='word_1_163' title='bbox 943 895 967 920; x_wconf 87' lang='lat'><strong>9.</strong></span> <span class='ocrx_word' id='word_1_164' title='bbox 980 895 1004 920; x_wconf 77' lang='lat'><strong>2.</strong></span> 
     </span>
     <span class='ocr_line' id='line_1_18' title="bbox 169 934 1005 972; baseline -0.001 -9"><span class='ocrx_word' id='word_1_165' title='bbox 169 936 379 969; x_wconf 83' lang='lat' dir='ltr'><strong>lnconsiderate,</strong></span> <span class='ocrx_word' id='word_1_166' title='bbox 404 948 432 963; x_wconf 85' lang='lat' dir='ltr'><strong>ac</strong></span> <span class='ocrx_word' id='word_1_167' title='bbox 456 936 531 972; x_wconf 81' lang='lat' dir='ltr'><strong>vulgo</strong></span> <span class='ocrx_word' id='word_1_168' title='bbox 552 952 583 956; x_wconf 86' lang='lat'><strong>—-</strong></span> <span class='ocrx_word' id='word_1_169' title='bbox 604 937 760 972; x_wconf 73' lang='lat' dir='ltr'><strong>congregati.</strong></span> <span class='ocrx_word' id='word_1_170' title='bbox 780 934 829 961; x_wconf 85' lang='lat' dir='ltr'><strong>Tb.</strong></span> <span class='ocrx_word' id='word_1_171' title='bbox 851 935 881 962; x_wconf 90' lang='lat' dir='ltr'><strong>C.</strong></span> <span class='ocrx_word' id='word_1_172' title='bbox 902 935 944 962; x_wconf 94' lang='lat' dir='ltr'><strong>Vl.</strong></span> <span class='ocrx_word' id='word_1_173' title='bbox 963 937 1005 962; x_wconf 86' lang='grc'><strong>30.</strong></span> 
     </span>
     <span class='ocr_line' id='line_1_19' title="bbox 170 977 1005 1016; baseline -0.002 -10"><span class='ocrx_word' id='word_1_174' title='bbox 170 989 191 1006; x_wconf 90' lang='lat' dir='ltr'><strong>c.</strong></span> <span class='ocrx_word' id='word_1_175' title='bbox 213 981 252 1005; x_wconf 90' lang='lat'><strong>15.</strong></span> <span class='ocrx_word' id='word_1_176' title='bbox 277 990 315 1016; x_wconf 88' lang='lat' dir='ltr'><strong>pr.</strong></span> <span class='ocrx_word' id='word_1_177' title='bbox 341 979 373 1005; x_wconf 88' lang='lat' dir='ltr'><strong>de</strong></span> <span class='ocrx_word' id='word_1_178' title='bbox 396 978 474 1005; x_wconf 72' lang='lat' dir='ltr'><strong>Palatv</strong></span> <span class='ocrx_word' id='word_1_179' title='bbox 499 978 526 1005; x_wconf 90' lang='lat' dir='ltr'><strong>S.</strong></span> <span class='ocrx_word' id='word_1_180' title='bbox 552 978 630 1015; x_wconf 76' lang='lat' dir='ltr'><strong>largg.</strong></span> <span class='ocrx_word' id='word_1_181' title='bbox 654 978 723 1005; x_wconf 80' lang='lat' dir='ltr'><strong>XIV.</strong></span> <span class='ocrx_word' id='word_1_182' title='bbox 743 980 766 1005; x_wconf 84' lang='lat'><strong>9.</strong></span> <span class='ocrx_word' id='word_1_183' title='bbox 791 988 812 1005; x_wconf 91' lang='lat' dir='ltr'><strong>c.</strong></span> <span class='ocrx_word' id='word_1_184' title='bbox 834 980 855 1005; x_wconf 98' lang='lat'><strong>1.</strong></span> <span class='ocrx_word' id='word_1_185' title='bbox 880 978 913 1005; x_wconf 82' lang='lat' dir='ltr'><strong>de</strong></span> <span class='ocrx_word' id='word_1_186' title='bbox 936 977 1005 1004; x_wconf 86' lang='lat' dir='ltr'><strong>stud.</strong></span> 
     </span>
     <span class='ocr_line' id='line_1_20' title="bbox 168 1020 1006 1058; baseline -0.001 -10"><span class='ocrx_word' id='word_1_187' title='bbox 168 1021 270 1048; x_wconf 69' lang='lat' dir='ltr'><strong>liberal.</strong></span> <span class='ocrx_word' id='word_1_188' title='bbox 297 1021 351 1048; x_wconf 89' lang='lat' dir='ltr'><strong>urb.</strong></span> <span class='ocrx_word' id='word_1_189' title='bbox 372 1021 402 1048; x_wconf 81' lang='lat' dir='ltr'><strong>R.</strong></span> <span class='ocrx_word' id='word_1_190' title='bbox 422 1021 546 1058; x_wconf 72' lang='lat' dir='ltr'>Turpiter</span> <span class='ocrx_word' id='word_1_191' title='bbox 564 1023 649 1048; x_wconf 80' lang='lat' dir='ltr'><strong>vivere</strong></span> <span class='ocrx_word' id='word_1_192' title='bbox 668 1021 797 1057; x_wconf 76' lang='lat' dir='ltr'><strong>vulgoque</strong></span> <span class='ocrx_word' id='word_1_193' title='bbox 816 1026 951 1057; x_wconf 88' lang='lat' dir='ltr'><strong>quaestum</strong></span> <span class='ocrx_word' id='word_1_194' title='bbox 971 1020 1006 1047; x_wconf 82' lang='lat' dir='ltr'><strong>fa-</strong></span> 
     </span>
     <span class='ocr_line' id='line_1_21' title="bbox 170 1063 1005 1101; baseline 0 -11"><span class='ocrx_word' id='word_1_195' title='bbox 170 1074 242 1095; x_wconf 74' lang='lat' dir='ltr'><strong>cere,</strong></span> <span class='ocrx_word' id='word_1_196' title='bbox 269 1065 368 1091; x_wconf 77' lang='lat' dir='ltr'><strong>etiarnsi</strong></span> <span class='ocrx_word' id='word_1_197' title='bbox 392 1074 442 1090; x_wconf 85' lang='lat' dir='ltr'><strong>non</strong></span> <span class='ocrx_word' id='word_1_198' title='bbox 467 1064 559 1100; x_wconf 83' lang='lat' dir='ltr'><strong>palam.</strong></span> <span class='ocrx_word' id='word_1_199' title='bbox 586 1064 614 1091; x_wconf 82' lang='lat' dir='ltr'><strong>l&#39;r.</strong></span> <span class='ocrx_word' id='word_1_200' title='bbox 634 1066 675 1090; x_wconf 82' lang='lat'><strong>41.</strong></span> <span class='ocrx_word' id='word_1_201' title='bbox 700 1074 738 1101; x_wconf 89' lang='lat' dir='ltr'><strong>pr.</strong></span> <span class='ocrx_word' id='word_1_202' title='bbox 764 1064 796 1090; x_wconf 78' lang='grc'><strong>(18</strong></span> <span class='ocrx_word' id='word_1_203' title='bbox 819 1063 849 1090; x_wconf 76' lang='lat' dir='ltr'><strong>Ii.</strong></span> <span class='ocrx_word' id='word_1_204' title='bbox 870 1063 900 1091; x_wconf 70' lang='lat' dir='ltr'><strong>N.</strong></span> <span class='ocrx_word' id='word_1_205' title='bbox 919 1066 961 1090; x_wconf 85' lang='lat'><strong>23.</strong></span> <span class='ocrx_word' id='word_1_206' title='bbox 980 1065 1005 1090; x_wconf 86' lang='grc'><strong>2.</strong></span> 
     </span>
     <span class='ocr_line' id='line_1_22' title="bbox 169 1106 1005 1144; baseline -0.001 -11"><span class='ocrx_word' id='word_1_207' title='bbox 169 1106 254 1142; x_wconf 72' lang='lat' dir='ltr'><strong>Vulgo</strong></span> <span class='ocrx_word' id='word_1_208' title='bbox 274 1108 393 1144; x_wconf 78' lang='lat' dir='ltr'>concepti</span> <span class='ocrx_word' id='word_1_209' title='bbox 413 1106 548 1139; x_wconf 74' lang='lat' dir='ltr'><strong>dicuntur.</strong></span> <span class='ocrx_word' id='word_1_210' title='bbox 573 1108 616 1143; x_wconf 85' lang='lat' dir='ltr'><strong>qui</strong></span> <span class='ocrx_word' id='word_1_211' title='bbox 636 1112 734 1143; x_wconf 83' lang='lat' dir='ltr'><strong>patrem</strong></span> <span class='ocrx_word' id='word_1_212' title='bbox 755 1107 933 1132; x_wconf 76' lang='lat' dir='ltr'><strong>demonstrare</strong></span> <span class='ocrx_word' id='word_1_213' title='bbox 953 1115 1005 1132; x_wconf 88' lang='lat' dir='ltr'><strong>non</strong></span> 
     </span>
     <span class='ocr_line' id='line_1_23' title="bbox 169 1148 1004 1187; baseline -0.001 -12"><span class='ocrx_word' id='word_1_214' title='bbox 169 1154 289 1187; x_wconf 76' lang='lat' dir='ltr'><strong>possunt.</strong></span> <span class='ocrx_word' id='word_1_215' title='bbox 316 1149 345 1175; x_wconf 83' lang='lat' dir='ltr'><strong>fr.</strong></span> <span class='ocrx_word' id='word_1_216' title='bbox 371 1151 411 1175; x_wconf 86' lang='grc'><strong>23.</strong></span> <span class='ocrx_word' id='word_1_217' title='bbox 437 1149 468 1175; x_wconf 81' lang='lat' dir='ltr'><strong>cf.</strong></span> <span class='ocrx_word' id='word_1_218' title='bbox 494 1149 523 1175; x_wconf 88' lang='lat' dir='ltr'><strong>fr.</strong></span> <span class='ocrx_word' id='word_1_219' title='bbox 551 1152 588 1176; x_wconf 97' lang='lat'><strong>19.</strong></span> <span class='ocrx_word' id='word_1_220' title='bbox 613 1149 645 1175; x_wconf 79' lang='lat' dir='ltr'><strong>dc</strong></span> <span class='ocrx_word' id='word_1_221' title='bbox 669 1153 738 1175; x_wconf 84' lang='lat' dir='ltr'><strong>statu</strong></span> <span class='ocrx_word' id='word_1_222' title='bbox 764 1149 831 1176; x_wconf 83' lang='lat' dir='ltr'><strong>liom.</strong></span> <span class='ocrx_word' id='word_1_223' title='bbox 854 1151 875 1175; x_wconf 94' lang='lat' dir='ltr'><strong>l.</strong></span> <span class='ocrx_word' id='word_1_224' title='bbox 895 1151 918 1175; x_wconf 91' lang='lat'><strong>5.</strong></span> <span class='ocrx_word' id='word_1_225' title='bbox 944 1148 1004 1186; x_wconf 90' lang='lat' dir='ltr'><strong>le.</strong></span> 
     </span>
     <span class='ocr_line' id='line_1_24' title="bbox 170 1192 1005 1226; baseline -0.002 -7"><span class='ocrx_word' id='word_1_226' title='bbox 170 1192 202 1220; x_wconf 83' lang='lat' dir='ltr'><strong>V.</strong></span> <span class='ocrx_word' id='word_1_227' title='bbox 222 1195 243 1219; x_wconf 91' lang='lat'><strong>7.</strong></span> <span class='ocrx_word' id='word_1_228' title='bbox 264 1192 320 1219; x_wconf 79' lang='lat' dir='ltr'><strong>Gai.</strong></span> <span class='ocrx_word' id='word_1_229' title='bbox 339 1192 357 1218; x_wconf 97' lang='lat' dir='ltr'><strong>I.</strong></span> <span class='ocrx_word' id='word_1_230' title='bbox 371 1193 411 1218; x_wconf 78' lang='lat'><strong>64.</strong></span> <span class='ocrx_word' id='word_1_231' title='bbox 432 1208 462 1212; x_wconf 92' lang='lat'>—</span> <span class='ocrx_word' id='word_1_232' title='bbox 483 1193 514 1226; x_wconf 56' lang='grc' dir='ltr'><strong>ᾖ.</strong></span> <span class='ocrx_word' id='word_1_233' title='bbox 529 1194 564 1219; x_wconf 88' lang='grc'><strong>2.</strong></span> <span class='ocrx_word' id='word_1_234' title='bbox 588 1193 672 1218; x_wconf 86' lang='lat' dir='ltr'><strong>More</strong></span> <span class='ocrx_word' id='word_1_235' title='bbox 690 1199 846 1218; x_wconf 77' lang='lat' dir='ltr'><strong>consueto.</strong></span> <span class='ocrx_word' id='word_1_236' title='bbox 866 1193 916 1218; x_wconf 75' lang='lat' dir='ltr'><strong>Ex</strong></span> <span class='ocrx_word' id='word_1_237' title='bbox 935 1201 1005 1226; x_wconf 81' lang='lat' dir='ltr'><strong>qun-</strong></span> 
     </span>
     <span class='ocr_line' id='line_1_25' title="bbox 168 1234 1004 1272; baseline -0.002 -10"><span class='ocrx_word' id='word_1_238' title='bbox 168 1237 298 1262; x_wconf 78' lang='lat' dir='ltr'><strong>tidiano</strong></span> <span class='ocrx_word' id='word_1_239' title='bbox 322 1245 389 1261; x_wconf 83' lang='lat' dir='ltr'><strong>usu.</strong></span> <span class='ocrx_word' id='word_1_240' title='bbox 427 1234 445 1261; x_wconf 95' lang='lat' dir='ltr'><strong>l.</strong></span> <span class='ocrx_word' id='word_1_241' title='bbox 466 1236 527 1270; x_wconf 75' lang='lat' dir='ltr'><strong>Sy.</strong></span> <span class='ocrx_word' id='word_1_242' title='bbox 553 1234 631 1272; x_wconf 86' lang='lat' dir='ltr'><strong>Apud</strong></span> <span class='ocrx_word' id='word_1_243' title='bbox 659 1239 761 1260; x_wconf 78' lang='lat' dir='ltr'><strong>veteres</strong></span> <span class='ocrx_word' id='word_1_244' title='bbox 784 1235 923 1272; x_wconf 87' lang='lat' dir='ltr'><strong>(scriptum</strong></span> <span class='ocrx_word' id='word_1_245' title='bbox 943 1235 1004 1266; x_wconf 85' lang='lat' dir='ltr'><strong>est.)</strong></span> 
     </span>
     <span class='ocr_line' id='line_1_26' title="bbox 167 1276 1003 1314; baseline -0.001 -10"><span class='ocrx_word' id='word_1_246' title='bbox 167 1277 253 1313; x_wconf 81' lang='lat' dir='ltr'><strong>Vulgo</strong></span> <span class='ocrx_word' id='word_1_247' title='bbox 273 1277 490 1314; x_wconf 78' lang='lat' dir='ltr'><strong>(respondetur.)</strong></span> <span class='ocrx_word' id='word_1_248' title='bbox 514 1278 545 1304; x_wconf 86' lang='lat' dir='ltr'><strong>fr.</strong></span> <span class='ocrx_word' id='word_1_249' title='bbox 566 1279 605 1304; x_wconf 97' lang='lat'><strong>19.</strong></span> <span class='ocrx_word' id='word_1_250' title='bbox 629 1278 651 1311; x_wconf 82' lang='lat'><strong>§.</strong></span> <span class='ocrx_word' id='word_1_251' title='bbox 673 1279 694 1303; x_wconf 94' lang='lat'><strong>1.</strong></span> <span class='ocrx_word' id='word_1_252' title='bbox 720 1277 752 1303; x_wconf 82' lang='lat' dir='ltr'><strong>de</strong></span> <span class='ocrx_word' id='word_1_253' title='bbox 770 1278 801 1303; x_wconf 89' lang='lat' dir='ltr'><strong>A.</strong></span> <span class='ocrx_word' id='word_1_254' title='bbox 820 1287 843 1303; x_wconf 87' lang='lat' dir='ltr'><strong>v.</strong></span> <span class='ocrx_word' id='word_1_255' title='bbox 864 1277 895 1303; x_wconf 90' lang='lat' dir='ltr'><strong>A.</strong></span> <span class='ocrx_word' id='word_1_256' title='bbox 914 1276 943 1303; x_wconf 87' lang='lat' dir='ltr'><strong>P.</strong></span> <span class='ocrx_word' id='word_1_257' title='bbox 962 1278 1003 1303; x_wconf 97' lang='lat'><strong>41.</strong></span> 
     </span>
     <span class='ocr_line' id='line_1_27' title="bbox 166 1319 1002 1357; baseline 0 -11"><span class='ocrx_word' id='word_1_258' title='bbox 166 1322 191 1346; x_wconf 87' lang='lat'><strong>2.</strong></span> <span class='ocrx_word' id='word_1_259' title='bbox 214 1320 245 1346; x_wconf 86' lang='lat' dir='ltr'><strong>fr.</strong></span> <span class='ocrx_word' id='word_1_260' title='bbox 264 1322 305 1346; x_wconf 88' lang='lat'><strong>33.</strong></span> <span class='ocrx_word' id='word_1_261' title='bbox 326 1321 347 1354; x_wconf 83' lang='lat'><strong>§.</strong></span> <span class='ocrx_word' id='word_1_262' title='bbox 369 1322 391 1346; x_wconf 94' lang='lat'><strong>1.</strong></span> <span class='ocrx_word' id='word_1_263' title='bbox 412 1320 444 1347; x_wconf 88' lang='lat' dir='ltr'><strong>de</strong></span> <span class='ocrx_word' id='word_1_264' title='bbox 463 1331 552 1357; x_wconf 84' lang='lat' dir='ltr'><strong>usurp.</strong></span> <span class='ocrx_word' id='word_1_265' title='bbox 572 1322 612 1347; x_wconf 95' lang='lat'><strong>41.</strong></span> <span class='ocrx_word' id='word_1_266' title='bbox 631 1322 655 1346; x_wconf 92' lang='lat'><strong>3.</strong></span> <span class='ocrx_word' id='word_1_267' title='bbox 676 1320 704 1346; x_wconf 89' lang='lat' dir='ltr'><strong>sr.</strong></span> <span class='ocrx_word' id='word_1_268' title='bbox 724 1322 747 1346; x_wconf 89' lang='grc'><strong>2.</strong></span> <span class='ocrx_word' id='word_1_269' title='bbox 768 1321 789 1353; x_wconf 88' lang='lat'><strong>§.</strong></span> <span class='ocrx_word' id='word_1_270' title='bbox 805 1322 826 1346; x_wconf 97' lang='lat'><strong>1.</strong></span> <span class='ocrx_word' id='word_1_271' title='bbox 847 1330 895 1357; x_wconf 87' lang='lat' dir='ltr'><strong>pro</strong></span> <span class='ocrx_word' id='word_1_272' title='bbox 914 1319 1002 1346; x_wconf 78' lang='lat' dir='ltr'><strong>hered.</strong></span> 
     </span>
     <span class='ocr_line' id='line_1_28' title="bbox 166 1362 1003 1400; baseline 0 -11"><span class='ocrx_word' id='word_1_273' title='bbox 166 1364 208 1389; x_wconf 90' lang='lat'><strong>41.</strong></span> <span class='ocrx_word' id='word_1_274' title='bbox 228 1365 251 1389; x_wconf 86' lang='grc'><strong>5.</strong></span> <span class='ocrx_word' id='word_1_275' title='bbox 289 1362 330 1389; x_wconf 93' lang='grc'><strong>111.</strong></span> <span class='ocrx_word' id='word_1_276' title='bbox 355 1364 421 1390; x_wconf 78' lang='lat' dir='ltr'><strong>Cn.</strong></span> <span class='ocrx_word' id='word_1_277' title='bbox 446 1363 503 1389; x_wconf 90' lang='lat' dir='ltr'><strong>Hoc</strong></span> <span class='ocrx_word' id='word_1_278' title='bbox 522 1363 589 1390; x_wconf 78' lang='lat' dir='ltr'><strong>idem</strong></span> <span class='ocrx_word' id='word_1_279' title='bbox 610 1368 649 1389; x_wconf 88' lang='lat' dir='ltr'><strong>est</strong></span> <span class='ocrx_word' id='word_1_280' title='bbox 668 1362 736 1400; x_wconf 87' lang='lat' dir='ltr'><strong>apud</strong></span> <span class='ocrx_word' id='word_1_281' title='bbox 756 1362 907 1389; x_wconf 80' lang='lat' dir='ltr'><strong>Scaevolam</strong></span> <span class='ocrx_word' id='word_1_282' title='bbox 927 1364 1003 1399; x_wconf 79' lang='lat' dir='ltr'><strong>agita-</strong></span> 
     </span>
     <span class='ocr_line' id='line_1_29' title="bbox 168 1405 1004 1442; baseline 0 -10"><span class='ocrx_word' id='word_1_283' title='bbox 168 1410 236 1437; x_wconf 81' lang='lat' dir='ltr'><strong>tum,</strong></span> <span class='ocrx_word' id='word_1_284' title='bbox 262 1422 292 1426; x_wconf 98' lang='lat'><strong>—</strong></span> <span class='ocrx_word' id='word_1_285' title='bbox 318 1410 343 1432; x_wconf 80' lang='lat' dir='ltr'><strong>et</strong></span> <span class='ocrx_word' id='word_1_286' title='bbox 367 1407 413 1437; x_wconf 79' lang='lat' dir='ltr'><strong>ait,</strong></span> <span class='ocrx_word' id='word_1_287' title='bbox 442 1406 517 1442; x_wconf 78' lang='lat' dir='ltr'><strong>vulgo</strong></span> <span class='ocrx_word' id='word_1_288' title='bbox 543 1406 669 1433; x_wconf 85' lang='lat' dir='ltr'><strong>creditum</strong></span> <span class='ocrx_word' id='word_1_289' title='bbox 694 1411 742 1433; x_wconf 80' lang='lat' dir='ltr'><strong>etc.</strong></span> <span class='ocrx_word' id='word_1_290' title='bbox 767 1406 797 1433; x_wconf 89' lang='lat' dir='ltr'><strong>fr.</strong></span> <span class='ocrx_word' id='word_1_291' title='bbox 816 1408 858 1433; x_wconf 87' lang='lat'><strong>25.</strong></span> <span class='ocrx_word' id='word_1_292' title='bbox 883 1406 903 1439; x_wconf 83' lang='lat'><strong>§.</strong></span> <span class='ocrx_word' id='word_1_293' title='bbox 924 1407 946 1432; x_wconf 91' lang='lat'><strong>6.</strong></span> <span class='ocrx_word' id='word_1_294' title='bbox 971 1405 1004 1432; x_wconf 86' lang='lat' dir='ltr'><strong>de</strong></span> 
     </span>
     <span class='ocr_line' id='line_1_30' title="bbox 167 1448 1003 1485; baseline 0 -11"><span class='ocrx_word' id='word_1_295' title='bbox 167 1448 249 1475; x_wconf 79' lang='lat' dir='ltr'><strong>usufr.</strong></span> <span class='ocrx_word' id='word_1_296' title='bbox 274 1450 297 1475; x_wconf 93' lang='lat'><strong>7.</strong></span> <span class='ocrx_word' id='word_1_297' title='bbox 319 1450 341 1475; x_wconf 95' lang='lat' dir='ltr'><strong>l.</strong></span> <span class='ocrx_word' id='word_1_298' title='bbox 367 1448 423 1475; x_wconf 66' lang='lat' dir='ltr'><strong>Gai,</strong></span> <span class='ocrx_word' id='word_1_299' title='bbox 442 1449 460 1476; x_wconf 94' lang='lat'><strong>1.</strong></span> <span class='ocrx_word' id='word_1_300' title='bbox 482 1451 539 1476; x_wconf 85' lang='lat'><strong>190.</strong></span> <span class='ocrx_word' id='word_1_301' title='bbox 576 1449 652 1476; x_wconf 87' lang='lat' dir='ltr'><strong>Vnde</strong></span> <span class='ocrx_word' id='word_1_302' title='bbox 670 1449 735 1476; x_wconf 90' lang='lat' dir='ltr'><strong>illud</strong></span> <span class='ocrx_word' id='word_1_303' title='bbox 755 1454 806 1481; x_wconf 74' lang='lat' dir='ltr'><strong>est,</strong></span> <span class='ocrx_word' id='word_1_304' title='bbox 831 1448 900 1485; x_wconf 82' lang='lat' dir='ltr'><strong>quod</strong></span> <span class='ocrx_word' id='word_1_305' title='bbox 925 1448 1003 1485; x_wconf 76' lang='lat' dir='ltr'><strong>vulgo</strong></span> 
     </span>
     <span class='ocr_line' id='line_1_31' title="bbox 168 1491 1003 1529; baseline 0.001 -12"><span class='ocrx_word' id='word_1_306' title='bbox 168 1496 260 1527; x_wconf 83' lang='lat' dir='ltr'><strong>putant</strong></span> <span class='ocrx_word' id='word_1_307' title='bbox 279 1496 329 1518; x_wconf 87' lang='lat' dir='ltr'><strong>etc.</strong></span> <span class='ocrx_word' id='word_1_308' title='bbox 349 1491 386 1517; x_wconf 85' lang='lat' dir='ltr'><strong>ld.</strong></span> <span class='ocrx_word' id='word_1_309' title='bbox 406 1491 448 1518; x_wconf 92' lang='grc'><strong>111.</strong></span> <span class='ocrx_word' id='word_1_310' title='bbox 469 1493 525 1518; x_wconf 92' lang='lat'><strong>141.</strong></span> <span class='ocrx_word' id='word_1_311' title='bbox 563 1492 649 1527; x_wconf 70' lang='lat' dir='ltr'><strong>Vulgo</strong></span> <span class='ocrx_word' id='word_1_312' title='bbox 668 1492 848 1529; x_wconf 72' lang='lat' dir='ltr'><strong>praesumitur.</strong></span> <span class='ocrx_word' id='word_1_313' title='bbox 874 1491 903 1518; x_wconf 89' lang='lat' dir='ltr'><strong>sr.</strong></span> <span class='ocrx_word' id='word_1_314' title='bbox 925 1493 947 1518; x_wconf 92' lang='lat'><strong>7.</strong></span> <span class='ocrx_word' id='word_1_315' title='bbox 971 1491 1003 1518; x_wconf 83' lang='lat' dir='ltr'><strong>de</strong></span> 
     </span>
     <span class='ocr_line' id='line_1_32' title="bbox 168 1533 1003 1570; baseline 0.001 -11"><span class='ocrx_word' id='word_1_316' title='bbox 168 1534 192 1559; x_wconf 93' lang='lat' dir='ltr'><strong>in</strong></span> <span class='ocrx_word' id='word_1_317' title='bbox 218 1533 255 1560; x_wconf 89' lang='lat' dir='ltr'><strong>lit.</strong></span> <span class='ocrx_word' id='word_1_318' title='bbox 275 1535 322 1560; x_wconf 81' lang='lat' dir='ltr'><strong>iur.</strong></span> <span class='ocrx_word' id='word_1_319' title='bbox 348 1536 387 1560; x_wconf 82' lang='lat'><strong>12.</strong></span> <span class='ocrx_word' id='word_1_320' title='bbox 407 1536 431 1560; x_wconf 87' lang='lat'><strong>3.</strong></span> <span class='ocrx_word' id='word_1_321' title='bbox 469 1534 547 1570; x_wconf 83' lang='lat' dir='ltr'><strong>Quod</strong></span> <span class='ocrx_word' id='word_1_322' title='bbox 571 1534 647 1570; x_wconf 73' lang='lat' dir='ltr'><strong>vulgo</strong></span> <span class='ocrx_word' id='word_1_323' title='bbox 667 1534 788 1561; x_wconf 81' lang='lat' dir='ltr'><strong>traditum</strong></span> <span class='ocrx_word' id='word_1_324' title='bbox 809 1539 863 1565; x_wconf 75' lang='lat' dir='ltr'><strong>est,</strong></span> <span class='ocrx_word' id='word_1_325' title='bbox 883 1544 903 1560; x_wconf 87' lang='lat' dir='ltr'><strong>s.</strong></span> <span class='ocrx_word' id='word_1_326' title='bbox 928 1535 1003 1561; x_wconf 80' lang='lat' dir='ltr'><strong>iacta·</strong></span> 
     </span>
     <span class='ocr_line' id='line_1_33' title="bbox 167 1576 1002 1615; baseline 0.001 -13"><span class='ocrx_word' id='word_1_327' title='bbox 167 1581 218 1608; x_wconf 83' lang='lat' dir='ltr'><strong>tur,</strong></span> <span class='ocrx_word' id='word_1_328' title='bbox 238 1576 363 1603; x_wconf 80' lang='lat' dir='ltr'><strong>hactenus</strong></span> <span class='ocrx_word' id='word_1_329' title='bbox 383 1587 472 1603; x_wconf 78' lang='lat' dir='ltr'><strong>verum</strong></span> <span class='ocrx_word' id='word_1_330' title='bbox 492 1582 540 1603; x_wconf 88' lang='lat' dir='ltr'><strong>etc.</strong></span> <span class='ocrx_word' id='word_1_331' title='bbox 561 1577 590 1603; x_wconf 86' lang='lat' dir='ltr'><strong>fr.</strong></span> <span class='ocrx_word' id='word_1_332' title='bbox 613 1580 652 1604; x_wconf 96' lang='lat'><strong>11.</strong></span> <span class='ocrx_word' id='word_1_333' title='bbox 672 1588 719 1615; x_wconf 89' lang='lat' dir='ltr'><strong>pro</strong></span> <span class='ocrx_word' id='word_1_334' title='bbox 740 1582 799 1604; x_wconf 80' lang='lat' dir='ltr'><strong>emt.</strong></span> <span class='ocrx_word' id='word_1_335' title='bbox 819 1579 859 1603; x_wconf 88' lang='lat'><strong>41.</strong></span> <span class='ocrx_word' id='word_1_336' title='bbox 874 1579 898 1603; x_wconf 80' lang='grc'><strong>-1,</strong></span> <span class='ocrx_word' id='word_1_337' title='bbox 918 1577 947 1604; x_wconf 88' lang='lat' dir='ltr'><strong>fr.</strong></span> <span class='ocrx_word' id='word_1_338' title='bbox 961 1579 1002 1604; x_wconf 90' lang='lat'><strong>95.</strong></span> 
     </span>
     <span class='ocr_line' id='line_1_34' title="bbox 167 1619 1002 1652; baseline 0.002 -7"><span class='ocrx_word' id='word_1_339' title='bbox 167 1619 189 1652; x_wconf 82' lang='lat'><strong>§.</strong></span> <span class='ocrx_word' id='word_1_340' title='bbox 214 1620 237 1645; x_wconf 84' lang='grc'><strong>3.</strong></span> <span class='ocrx_word' id='word_1_341' title='bbox 263 1619 296 1645; x_wconf 86' lang='grc'><strong>(18</strong></span> <span class='ocrx_word' id='word_1_342' title='bbox 325 1619 403 1646; x_wconf 81' lang='lat' dir='ltr'><strong>solut.</strong></span> <span class='ocrx_word' id='word_1_343' title='bbox 427 1621 468 1646; x_wconf 80' lang='lat'><strong>46.</strong></span> <span class='ocrx_word' id='word_1_344' title='bbox 491 1621 515 1646; x_wconf 88' lang='lat'><strong>3.</strong></span> <span class='ocrx_word' id='word_1_345' title='bbox 545 1619 601 1646; x_wconf 75' lang='lat' dir='ltr'><strong>Gai.</strong></span> <span class='ocrx_word' id='word_1_346' title='bbox 620 1620 649 1646; x_wconf 88' lang='grc'><strong>11.</strong></span> <span class='ocrx_word' id='word_1_347' title='bbox 669 1622 709 1647; x_wconf 87' lang='grc'><strong>61.</strong></span> <span class='ocrx_word' id='word_1_348' title='bbox 730 1623 770 1647; x_wconf 88' lang='lat'><strong>70.</strong></span> <span class='ocrx_word' id='word_1_349' title='bbox 798 1619 842 1647; x_wconf 94' lang='lat' dir='ltr'><strong>IV.</strong></span> <span class='ocrx_word' id='word_1_350' title='bbox 864 1622 920 1647; x_wconf 85' lang='lat'><strong>104.</strong></span> <span class='ocrx_word' id='word_1_351' title='bbox 945 1622 1002 1647; x_wconf 79' lang='lat'><strong>114.</strong></span> 
     </span>
     <span class='ocr_line' id='line_1_35' title="bbox 169 1661 1002 1699; baseline 0.004 -12"><span class='ocrx_word' id='word_1_352' title='bbox 169 1663 225 1687; x_wconf 84' lang='lat'><strong>153.</strong></span> <span class='ocrx_word' id='word_1_353' title='bbox 263 1661 347 1698; x_wconf 79' lang='lat' dir='ltr'><strong>Vulgo</strong></span> <span class='ocrx_word' id='word_1_354' title='bbox 367 1667 500 1699; x_wconf 79' lang='lat' dir='ltr'><strong>receptum</strong></span> <span class='ocrx_word' id='word_1_355' title='bbox 520 1667 568 1693; x_wconf 76' lang='lat' dir='ltr'><strong>est.</strong></span> <span class='ocrx_word' id='word_1_356' title='bbox 588 1672 608 1688; x_wconf 86' lang='lat' dir='ltr'><strong>s.</strong></span> <span class='ocrx_word' id='word_1_357' title='bbox 622 1662 782 1689; x_wconf 79' lang='lat' dir='ltr'><strong>observatur.</strong></span> <span class='ocrx_word' id='word_1_358' title='bbox 802 1663 832 1689; x_wconf 87' lang='lat' dir='ltr'><strong>fr.</strong></span> <span class='ocrx_word' id='word_1_359' title='bbox 846 1665 870 1690; x_wconf 90' lang='lat'><strong>2.</strong></span> <span class='ocrx_word' id='word_1_360' title='bbox 885 1663 917 1689; x_wconf 84' lang='grc'><strong>(18</strong></span> <span class='ocrx_word' id='word_1_361' title='bbox 931 1673 1002 1690; x_wconf 89' lang='lat' dir='ltr'><strong>usur.</strong></span> 
     </span>
     <span class='ocr_line' id='line_1_36' title="bbox 166 1704 744 1742; baseline 0.003 -12"><span class='ocrx_word' id='word_1_362' title='bbox 166 1705 208 1730; x_wconf 90' lang='lat'><strong>22.</strong></span> <span class='ocrx_word' id='word_1_363' title='bbox 230 1706 252 1731; x_wconf 94' lang='lat' dir='ltr'><strong>l.</strong></span> <span class='ocrx_word' id='word_1_364' title='bbox 271 1704 301 1731; x_wconf 82' lang='lat' dir='ltr'><strong>fr.</strong></span> <span class='ocrx_word' id='word_1_365' title='bbox 319 1706 360 1732; x_wconf 86' lang='lat'><strong>23.</strong></span> <span class='ocrx_word' id='word_1_366' title='bbox 381 1705 414 1731; x_wconf 84' lang='lat' dir='ltr'><strong>de</strong></span> <span class='ocrx_word' id='word_1_367' title='bbox 432 1704 498 1731; x_wconf 84' lang='lat' dir='ltr'><strong>adm.</strong></span> <span class='ocrx_word' id='word_1_368' title='bbox 518 1710 543 1731; x_wconf 87' lang='lat' dir='ltr'><strong>et</strong></span> <span class='ocrx_word' id='word_1_369' title='bbox 562 1706 641 1742; x_wconf 84' lang='lat' dir='ltr'><strong>peric.</strong></span> <span class='ocrx_word' id='word_1_370' title='bbox 660 1707 700 1732; x_wconf 90' lang='lat'><strong>26.</strong></span> <span class='ocrx_word' id='word_1_371' title='bbox 722 1707 744 1732; x_wconf 92' lang='lat'><strong>7.</strong></span> 
     </span>
    </p>
   </div>
   <div class='ocr_carea' id='block_1_5' title="bbox 166 1759 1002 2093">
    <p class='ocr_par' dir='ltr' id='par_1_5' title="bbox 166 1759 1002 2093">
     <span class='ocr_line' id='line_1_37' title="bbox 201 1759 1000 1795; baseline 0.003 -10"><span class='ocrx_word' id='word_1_372' title='bbox 201 1759 353 1793; x_wconf 77' lang='lat' dir='ltr'><strong>Vulgus.</strong></span> <span class='ocrx_word' id='word_1_373' title='bbox 393 1761 499 1787; x_wconf 76' lang='lat' dir='ltr'><strong>Turba</strong></span> <span class='ocrx_word' id='word_1_374' title='bbox 516 1763 638 1794; x_wconf 81' lang='lat' dir='ltr'><strong>populi.</strong></span> <span class='ocrx_word' id='word_1_375' title='bbox 668 1762 792 1787; x_wconf 84' lang='lat' dir='ltr'><strong>Corona</strong></span> <span class='ocrx_word' id='word_1_376' title='bbox 810 1762 922 1795; x_wconf 80' lang='lat' dir='ltr'><strong>plebis.</strong></span> <span class='ocrx_word' id='word_1_377' title='bbox 959 1760 1000 1787; x_wconf 93' lang='grc'><strong>111.</strong></span> 
     </span>
     <span class='ocr_line' id='line_1_38' title="bbox 167 1801 1000 1839; baseline 0.002 -12"><span class='ocrx_word' id='word_1_378' title='bbox 167 1801 233 1828; x_wconf 80' lang='lat' dir='ltr'><strong>cu.</strong></span> <span class='ocrx_word' id='word_1_379' title='bbox 260 1801 289 1828; x_wconf 81' lang='lat' dir='ltr'><strong>Si</strong></span> <span class='ocrx_word' id='word_1_380' title='bbox 314 1802 454 1838; x_wconf 83' lang='lat' dir='ltr'><strong>aliquando</strong></span> <span class='ocrx_word' id='word_1_381' title='bbox 477 1802 571 1839; x_wconf 76' lang='lat' dir='ltr'><strong>vulgus</strong></span> <span class='ocrx_word' id='word_1_382' title='bbox 591 1804 616 1829; x_wconf 92' lang='lat' dir='ltr'><strong>in</strong></span> <span class='ocrx_word' id='word_1_383' title='bbox 636 1803 680 1830; x_wconf 76' lang='lat' dir='ltr'><strong>illa</strong></span> <span class='ocrx_word' id='word_1_384' title='bbox 703 1804 742 1830; x_wconf 75' lang='lat' dir='ltr'><strong>via</strong></span> <span class='ocrx_word' id='word_1_385' title='bbox 762 1813 813 1830; x_wconf 93' lang='lat' dir='ltr'><strong>non</strong></span> <span class='ocrx_word' id='word_1_386' title='bbox 834 1803 1000 1830; x_wconf 79' lang='lat' dir='ltr'><strong>commeabat.</strong></span> 
     </span>
     <span class='ocr_line' id='line_1_39' title="bbox 168 1844 1001 1882; baseline 0.002 -12"><span class='ocrx_word' id='word_1_387' title='bbox 168 1844 198 1870; x_wconf 89' lang='lat' dir='ltr'><strong>lr.</strong></span> <span class='ocrx_word' id='word_1_388' title='bbox 220 1846 240 1870; x_wconf 94' lang='lat'><strong>1.</strong></span> <span class='ocrx_word' id='word_1_389' title='bbox 260 1845 281 1879; x_wconf 82' lang='lat'><strong>§.</strong></span> <span class='ocrx_word' id='word_1_390' title='bbox 300 1847 324 1871; x_wconf 86' lang='lat'><strong>2.</strong></span> <span class='ocrx_word' id='word_1_391' title='bbox 345 1844 377 1871; x_wconf 85' lang='lat' dir='ltr'><strong>de</strong></span> <span class='ocrx_word' id='word_1_392' title='bbox 399 1845 424 1871; x_wconf 86' lang='lat' dir='ltr'><strong>h.</strong></span> <span class='ocrx_word' id='word_1_393' title='bbox 450 1846 493 1882; x_wconf 86' lang='lat' dir='ltr'><strong>qui</strong></span> <span class='ocrx_word' id='word_1_394' title='bbox 518 1845 595 1872; x_wconf 78' lang='lat' dir='ltr'><strong>effud.</strong></span> <span class='ocrx_word' id='word_1_395' title='bbox 616 1847 639 1872; x_wconf 85' lang='lat'><strong>9.</strong></span> <span class='ocrx_word' id='word_1_396' title='bbox 659 1848 683 1872; x_wconf 85' lang='lat'><strong>3.</strong></span> <span class='ocrx_word' id='word_1_397' title='bbox 720 1845 829 1873; x_wconf 77' lang='lat' dir='ltr'><strong>Missilia</strong></span> <span class='ocrx_word' id='word_1_398' title='bbox 854 1847 949 1873; x_wconf 80' lang='lat' dir='ltr'><strong>iactare</strong></span> <span class='ocrx_word' id='word_1_399' title='bbox 974 1847 1001 1872; x_wconf 90' lang='lat' dir='ltr'><strong>in</strong></span> 
     </span>
     <span class='ocr_line' id='line_1_40' title="bbox 166 1886 1001 1926; baseline 0.004 -14"><span class='ocrx_word' id='word_1_400' title='bbox 166 1886 265 1923; x_wconf 82' lang='lat' dir='ltr'><strong>vulgus.</strong></span> <span class='ocrx_word' id='word_1_401' title='bbox 291 1887 321 1914; x_wconf 86' lang='lat' dir='ltr'><strong>fr.</strong></span> <span class='ocrx_word' id='word_1_402' title='bbox 341 1889 364 1914; x_wconf 86' lang='lat'><strong>9.</strong></span> <span class='ocrx_word' id='word_1_403' title='bbox 389 1888 410 1922; x_wconf 61' lang='grc' dir='ltr'><strong>ᾗ.</strong></span> <span class='ocrx_word' id='word_1_404' title='bbox 431 1889 454 1914; x_wconf 91' lang='lat'><strong>7.</strong></span> <span class='ocrx_word' id='word_1_405' title='bbox 478 1888 510 1914; x_wconf 85' lang='lat' dir='ltr'><strong>de</strong></span> <span class='ocrx_word' id='word_1_406' title='bbox 532 1888 563 1915; x_wconf 89' lang='lat' dir='ltr'><strong>A.</strong></span> <span class='ocrx_word' id='word_1_407' title='bbox 583 1888 613 1915; x_wconf 83' lang='lat' dir='ltr'><strong>R.</strong></span> <span class='ocrx_word' id='word_1_408' title='bbox 633 1888 666 1915; x_wconf 90' lang='lat' dir='ltr'><strong>D.</strong></span> <span class='ocrx_word' id='word_1_409' title='bbox 691 1890 731 1915; x_wconf 90' lang='lat'><strong>41.</strong></span> <span class='ocrx_word' id='word_1_410' title='bbox 755 1891 775 1915; x_wconf 96' lang='lat' dir='ltr'><strong>l.</strong></span> <span class='ocrx_word' id='word_1_411' title='bbox 813 1890 902 1924; x_wconf 77' lang='lat' dir='ltr'><strong>Quos,</strong></span> <span class='ocrx_word' id='word_1_412' title='bbox 924 1889 1001 1926; x_wconf 82' lang='lat' dir='ltr'><strong>plebe</strong></span> 
     </span>
     <span class='ocr_line' id='line_1_41' title="bbox 167 1929 1002 1966; baseline 0.004 -11"><span class='ocrx_word' id='word_1_413' title='bbox 167 1929 283 1962; x_wconf 71' lang='lat' dir='ltr'><strong>confusa,</strong></span> <span class='ocrx_word' id='word_1_414' title='bbox 302 1930 394 1966; x_wconf 81' lang='lat' dir='ltr'><strong>vulgus</strong></span> <span class='ocrx_word' id='word_1_415' title='bbox 413 1930 558 1957; x_wconf 78' lang='lat' dir='ltr'><strong>abscondit.</strong></span> <span class='ocrx_word' id='word_1_416' title='bbox 577 1930 626 1957; x_wconf 88' lang='lat' dir='ltr'><strong>Th.</strong></span> <span class='ocrx_word' id='word_1_417' title='bbox 647 1931 678 1958; x_wconf 94' lang='lat' dir='ltr'><strong>C.</strong></span> <span class='ocrx_word' id='word_1_418' title='bbox 697 1931 764 1958; x_wconf 89' lang='lat' dir='ltr'><strong>VIII.</strong></span> <span class='ocrx_word' id='word_1_419' title='bbox 785 1933 806 1958; x_wconf 96' lang='lat' dir='ltr'><strong>l.</strong></span> <span class='ocrx_word' id='word_1_420' title='bbox 827 1942 848 1958; x_wconf 94' lang='lat' dir='ltr'><strong>c.</strong></span> <span class='ocrx_word' id='word_1_421' title='bbox 862 1933 885 1958; x_wconf 83' lang='lat'><strong>8.</strong></span> <span class='ocrx_word' id='word_1_422' title='bbox 905 1931 937 1958; x_wconf 86' lang='lat' dir='ltr'><strong>de</strong></span> <span class='ocrx_word' id='word_1_423' title='bbox 956 1942 1002 1958; x_wconf 91' lang='lat' dir='ltr'><strong>nu-</strong></span> 
     </span>
     <span class='ocr_line' id='line_1_42' title="bbox 167 1972 1000 2012; baseline 0.005 -15"><span class='ocrx_word' id='word_1_424' title='bbox 167 1982 258 1998; x_wconf 83' lang='lat' dir='ltr'><strong>merar.</strong></span> <span class='ocrx_word' id='word_1_425' title='bbox 277 1972 346 1999; x_wconf 89' lang='lat' dir='ltr'><strong>XVI.</strong></span> <span class='ocrx_word' id='word_1_426' title='bbox 367 1975 389 1999; x_wconf 88' lang='lat'><strong>7.</strong></span> <span class='ocrx_word' id='word_1_427' title='bbox 410 1984 431 2000; x_wconf 91' lang='lat' dir='ltr'><strong>c.</strong></span> <span class='ocrx_word' id='word_1_428' title='bbox 451 1976 474 2000; x_wconf 89' lang='lat'><strong>5.</strong></span> <span class='ocrx_word' id='word_1_429' title='bbox 500 1973 532 2000; x_wconf 85' lang='lat' dir='ltr'><strong>de</strong></span> <span class='ocrx_word' id='word_1_430' title='bbox 556 1979 666 2011; x_wconf 79' lang='lat' dir='ltr'><strong>apostat.</strong></span> <span class='ocrx_word' id='word_1_431' title='bbox 703 1973 738 2001; x_wconf 89' lang='lat' dir='ltr'><strong>Vt</strong></span> <span class='ocrx_word' id='word_1_432' title='bbox 757 1974 850 2011; x_wconf 86' lang='lat' dir='ltr'><strong>vulgus</strong></span> <span class='ocrx_word' id='word_1_433' title='bbox 869 1975 1000 2012; x_wconf 82' lang='lat' dir='ltr'><strong>opinatur.</strong></span> 
     </span>
     <span class='ocr_line' id='line_1_43' title="bbox 168 2014 1000 2052; baseline 0.004 -12"><span class='ocrx_word' id='word_1_434' title='bbox 168 2014 196 2040; x_wconf 75' lang='lat' dir='ltr'><strong>fr.</strong></span> <span class='ocrx_word' id='word_1_435' title='bbox 217 2016 257 2041; x_wconf 88' lang='lat'><strong>56.</strong></span> <span class='ocrx_word' id='word_1_436' title='bbox 277 2025 315 2052; x_wconf 87' lang='lat' dir='ltr'><strong>pr.</strong></span> <span class='ocrx_word' id='word_1_437' title='bbox 336 2015 367 2041; x_wconf 85' lang='lat' dir='ltr'><strong>de</strong></span> <span class='ocrx_word' id='word_1_438' title='bbox 388 2017 506 2043; x_wconf 71' lang='lat' dir='ltr'><strong>cviction.</strong></span> <span class='ocrx_word' id='word_1_439' title='bbox 525 2018 567 2042; x_wconf 73' lang='lat'><strong>21.</strong></span> <span class='ocrx_word' id='word_1_440' title='bbox 586 2018 610 2043; x_wconf 85' lang='lat'><strong>2.</strong></span> <span class='ocrx_word' id='word_1_441' title='bbox 648 2016 753 2049; x_wconf 78' lang='lat' dir='ltr'><strong>Sermo,</strong></span> <span class='ocrx_word' id='word_1_442' title='bbox 777 2027 798 2043; x_wconf 88' lang='lat' dir='ltr'><strong>v.</strong></span> <span class='ocrx_word' id='word_1_443' title='bbox 819 2017 1000 2049; x_wconf 71' lang='lat' dir='ltr'><strong>Consuetudo.</strong></span> 
     </span>
     <span class='ocr_line' id='line_1_44' title="bbox 166 2057 999 2093; baseline 0.005 -10"><span class='ocrx_word' id='word_1_444' title='bbox 166 2057 242 2093; x_wconf 77' lang='lat' dir='ltr'><strong>vulgi.</strong></span> <span class='ocrx_word' id='word_1_445' title='bbox 268 2058 298 2084; x_wconf 85' lang='lat' dir='ltr'><strong>fr.</strong></span> <span class='ocrx_word' id='word_1_446' title='bbox 319 2060 375 2085; x_wconf 83' lang='lat'><strong>162.</strong></span> <span class='ocrx_word' id='word_1_447' title='bbox 400 2059 421 2092; x_wconf 57' lang='grc' dir='ltr'><strong>ᾗ.</strong></span> <span class='ocrx_word' id='word_1_448' title='bbox 443 2061 465 2085; x_wconf 96' lang='lat'><strong>1.</strong></span> <span class='ocrx_word' id='word_1_449' title='bbox 490 2059 522 2085; x_wconf 87' lang='lat' dir='ltr'><strong>de</strong></span> <span class='ocrx_word' id='word_1_450' title='bbox 542 2059 571 2086; x_wconf 90' lang='lat' dir='ltr'><strong>V.</strong></span> <span class='ocrx_word' id='word_1_451' title='bbox 592 2059 618 2086; x_wconf 87' lang='lat' dir='ltr'><strong>S.</strong></span> <span class='ocrx_word' id='word_1_452' title='bbox 639 2062 680 2086; x_wconf 87' lang='lat'><strong>50.</strong></span> <span class='ocrx_word' id='word_1_453' title='bbox 701 2061 740 2086; x_wconf 96' lang='lat'><strong>16.</strong></span> <span class='ocrx_word' id='word_1_454' title='bbox 765 2059 815 2086; x_wconf 88' lang='lat' dir='ltr'><strong>Th.</strong></span> <span class='ocrx_word' id='word_1_455' title='bbox 840 2060 870 2087; x_wconf 91' lang='lat' dir='ltr'><strong>C.</strong></span> <span class='ocrx_word' id='word_1_456' title='bbox 895 2060 938 2087; x_wconf 86' lang='lat' dir='ltr'><strong>IX.</strong></span> <span class='ocrx_word' id='word_1_457' title='bbox 961 2062 999 2086; x_wconf 87' lang='lat'><strong>16.</strong></span> 
     </span>
    </p>
   </div>
   <div class='ocr_carea' id='block_1_6' title="bbox 167 2100 411 2129">
    <p class='ocr_par' dir='ltr' id='par_1_6' title="bbox 167 2100 411 2129">
     <span class='ocr_line' id='line_1_45' title="bbox 167 2100 411 2129; baseline 0.004 -3"><span class='ocrx_word' id='word_1_458' title='bbox 167 2110 188 2126; x_wconf 91' lang='lat' dir='ltr'><strong>c.</strong></span> <span class='ocrx_word' id='word_1_459' title='bbox 207 2103 230 2127; x_wconf 86' lang='lat'><strong>6.</strong></span> <span class='ocrx_word' id='word_1_460' title='bbox 251 2100 282 2127; x_wconf 86' lang='lat' dir='ltr'><strong>de</strong></span> <span class='ocrx_word' id='word_1_461' title='bbox 304 2100 411 2129; x_wconf 69' lang='lat' dir='ltr'><strong>malefic.</strong></span> 
     </span>
    </p>
   </div>
   <div class='ocr_carea' id='block_1_7' title="bbox 166 2155 1022 2749">
    <p class='ocr_par' dir='ltr' id='par_1_7' title="bbox 166 2155 1022 2749">
     <span class='ocr_line' id='line_1_46' title="bbox 200 2155 1000 2193; baseline 0.004 -12"><span class='ocrx_word' id='word_1_462' title='bbox 200 2155 423 2182; x_wconf 70' lang='lat' dir='ltr'><strong>Vulnerare.</strong></span> <span class='ocrx_word' id='word_1_463' title='bbox 460 2156 490 2189; x_wconf 62' lang='grc' dir='ltr'><strong>ἓ.</strong></span> <span class='ocrx_word' id='word_1_464' title='bbox 505 2158 539 2183; x_wconf 89' lang='lat'><strong>1.</strong></span> <span class='ocrx_word' id='word_1_465' title='bbox 564 2158 683 2183; x_wconf 69' lang='lat' dir='ltr'><strong>Vulnus</strong></span> <span class='ocrx_word' id='word_1_466' title='bbox 702 2159 870 2193; x_wconf 79' lang='lat' dir='ltr'><strong>infligere.</strong></span> <span class='ocrx_word' id='word_1_467' title='bbox 907 2157 925 2184; x_wconf 88' lang='lat'><strong>1.</strong></span> <span class='ocrx_word' id='word_1_468' title='bbox 939 2159 1000 2192; x_wconf 75' lang='lat' dir='ltr'><strong>Sy.</strong></span> 
     </span>
     <span class='ocr_line' id='line_1_47' title="bbox 166 2195 1000 2235; baseline 0.005 -13"><span class='ocrx_word' id='word_1_469' title='bbox 166 2195 281 2223; x_wconf 81' lang='lat' dir='ltr'><strong>Vulnere</strong></span> <span class='ocrx_word' id='word_1_470' title='bbox 300 2203 445 2235; x_wconf 83' lang='lat' dir='ltr'><strong>percutere.</strong></span> <span class='ocrx_word' id='word_1_471' title='bbox 465 2199 494 2225; x_wconf 76' lang='lat' dir='ltr'><strong>fr.</strong></span> <span class='ocrx_word' id='word_1_472' title='bbox 517 2201 554 2225; x_wconf 96' lang='lat' dir='ltr'><strong>ll.</strong></span> <span class='ocrx_word' id='word_1_473' title='bbox 576 2200 596 2233; x_wconf 61' lang='grc' dir='ltr'><strong>ξ.</strong></span> <span class='ocrx_word' id='word_1_474' title='bbox 617 2201 639 2226; x_wconf 88' lang='grc'><strong>3.</strong></span> <span class='ocrx_word' id='word_1_475' title='bbox 661 2199 690 2226; x_wconf 89' lang='lat' dir='ltr'><strong>fr.</strong></span> <span class='ocrx_word' id='word_1_476' title='bbox 712 2202 751 2226; x_wconf 83' lang='lat'><strong>15.</strong></span> <span class='ocrx_word' id='word_1_477' title='bbox 775 2200 797 2233; x_wconf 62' lang='grc' dir='ltr'><strong>ξ.</strong></span> <span class='ocrx_word' id='word_1_478' title='bbox 819 2202 839 2227; x_wconf 95' lang='lat' dir='ltr'><strong>l.</strong></span> <span class='ocrx_word' id='word_1_479' title='bbox 864 2200 893 2226; x_wconf 92' lang='lat' dir='ltr'><strong>fr.</strong></span> <span class='ocrx_word' id='word_1_480' title='bbox 913 2202 954 2226; x_wconf 94' lang='grc'><strong>30.</strong></span> <span class='ocrx_word' id='word_1_481' title='bbox 978 2201 1000 2234; x_wconf 80' lang='lat'><strong>§.</strong></span> 
     </span>
     <span class='ocr_line' id='line_1_48' title="bbox 167 2239 1001 2279; baseline 0.006 -15"><span class='ocrx_word' id='word_1_482' title='bbox 167 2240 191 2264; x_wconf 87' lang='lat'><strong>4.</strong></span> <span class='ocrx_word' id='word_1_483' title='bbox 211 2239 243 2265; x_wconf 82' lang='lat' dir='ltr'><strong>ad</strong></span> <span class='ocrx_word' id='word_1_484' title='bbox 260 2239 289 2266; x_wconf 89' lang='lat' dir='ltr'><strong>L.</strong></span> <span class='ocrx_word' id='word_1_485' title='bbox 310 2240 377 2277; x_wconf 86' lang='lat' dir='ltr'><strong>Aqu.</strong></span> <span class='ocrx_word' id='word_1_486' title='bbox 397 2243 420 2267; x_wconf 89' lang='lat'><strong>9.</strong></span> <span class='ocrx_word' id='word_1_487' title='bbox 440 2244 463 2267; x_wconf 85' lang='lat'><strong>2.</strong></span> <span class='ocrx_word' id='word_1_488' title='bbox 501 2241 543 2268; x_wconf 91' lang='grc'><strong>111.</strong></span> <span class='ocrx_word' id='word_1_489' title='bbox 562 2243 627 2270; x_wconf 78' lang='lat' dir='ltr'><strong>Gn.</strong></span> <span class='ocrx_word' id='word_1_490' title='bbox 651 2242 704 2279; x_wconf 84' lang='lat' dir='ltr'><strong>Qui</strong></span> <span class='ocrx_word' id='word_1_491' title='bbox 727 2253 755 2269; x_wconf 83' lang='lat' dir='ltr'><strong>se</strong></span> <span class='ocrx_word' id='word_1_492' title='bbox 779 2243 934 2275; x_wconf 78' lang='lat' dir='ltr'><strong>vulneravit,</strong></span> <span class='ocrx_word' id='word_1_493' title='bbox 959 2243 1001 2269; x_wconf 83' lang='lat' dir='ltr'><strong>vel</strong></span> 
     </span>
     <span class='ocr_line' id='line_1_49' title="bbox 168 2280 1000 2319; baseline 0.007 -13"><span class='ocrx_word' id='word_1_494' title='bbox 168 2280 231 2307; x_wconf 72' lang='lat' dir='ltr'><strong>alias</strong></span> <span class='ocrx_word' id='word_1_495' title='bbox 251 2288 358 2310; x_wconf 88' lang='lat' dir='ltr'><strong>mortem</strong></span> <span class='ocrx_word' id='word_1_496' title='bbox 377 2284 427 2310; x_wconf 83' lang='lat' dir='ltr'><strong>sibi</strong></span> <span class='ocrx_word' id='word_1_497' title='bbox 451 2286 586 2311; x_wconf 73' lang='lat' dir='ltr'><strong>conscivit.</strong></span> <span class='ocrx_word' id='word_1_498' title='bbox 615 2285 645 2311; x_wconf 86' lang='lat' dir='ltr'><strong>fr.</strong></span> <span class='ocrx_word' id='word_1_499' title='bbox 664 2286 688 2311; x_wconf 88' lang='grc'><strong>6.</strong></span> <span class='ocrx_word' id='word_1_500' title='bbox 713 2285 734 2319; x_wconf 78' lang='lat'><strong>§.</strong></span> <span class='ocrx_word' id='word_1_501' title='bbox 755 2287 777 2311; x_wconf 80' lang='grc' dir='ltr'><strong>Τ.</strong></span> <span class='ocrx_word' id='word_1_502' title='bbox 801 2285 833 2312; x_wconf 82' lang='lat' dir='ltr'><strong>de</strong></span> <span class='ocrx_word' id='word_1_503' title='bbox 856 2285 887 2311; x_wconf 81' lang='lat' dir='ltr'><strong>R.</strong></span> <span class='ocrx_word' id='word_1_504' title='bbox 907 2285 939 2312; x_wconf 81' lang='lat' dir='ltr'><strong>M.</strong></span> <span class='ocrx_word' id='word_1_505' title='bbox 959 2287 1000 2312; x_wconf 90' lang='lat'><strong>49.</strong></span> 
     </span>
     <span class='ocr_line' id='line_1_50' title="bbox 169 2323 1001 2364; baseline 0.007 -16"><span class='ocrx_word' id='word_1_506' title='bbox 169 2325 209 2349; x_wconf 96' lang='lat'><strong>16.</strong></span> <span class='ocrx_word' id='word_1_507' title='bbox 230 2323 260 2349; x_wconf 85' lang='lat' dir='ltr'><strong>cf.</strong></span> <span class='ocrx_word' id='word_1_508' title='bbox 281 2324 310 2350; x_wconf 89' lang='lat' dir='ltr'><strong>fr.</strong></span> <span class='ocrx_word' id='word_1_509' title='bbox 330 2327 351 2351; x_wconf 84' lang='lat'><strong>9.</strong></span> <span class='ocrx_word' id='word_1_510' title='bbox 372 2327 392 2360; x_wconf 68' lang='grc' dir='ltr'><strong>ξ.</strong></span> <span class='ocrx_word' id='word_1_511' title='bbox 414 2329 436 2353; x_wconf 84' lang='lat'><strong>7.</strong></span> <span class='ocrx_word' id='word_1_512' title='bbox 457 2327 488 2353; x_wconf 88' lang='lat' dir='ltr'><strong>(le</strong></span> <span class='ocrx_word' id='word_1_513' title='bbox 507 2327 591 2364; x_wconf 81' lang='lat' dir='ltr'><strong>pecul.</strong></span> <span class='ocrx_word' id='word_1_514' title='bbox 613 2330 651 2354; x_wconf 91' lang='lat'><strong>15.</strong></span> <span class='ocrx_word' id='word_1_515' title='bbox 673 2330 694 2354; x_wconf 95' lang='lat'><strong>1.</strong></span> <span class='ocrx_word' id='word_1_516' title='bbox 732 2328 760 2354; x_wconf 91' lang='lat' dir='ltr'><strong>Si</strong></span> <span class='ocrx_word' id='word_1_517' title='bbox 780 2328 929 2354; x_wconf 73' lang='lat' dir='ltr'><strong>vulneratus</strong></span> <span class='ocrx_word' id='word_1_518' title='bbox 949 2328 1001 2354; x_wconf 81' lang='lat' dir='ltr'><strong>sue-</strong></span> 
     </span>
     <span class='ocr_line' id='line_1_51' title="bbox 168 2368 1022 2410; baseline 0.007 -19"><span class='ocrx_word' id='word_1_519' title='bbox 168 2368 202 2392; x_wconf 88' lang='lat' dir='ltr'><strong>rit</strong></span> <span class='ocrx_word' id='word_1_520' title='bbox 229 2376 320 2393; x_wconf 81' lang='lat' dir='ltr'><strong>servus</strong></span> <span class='ocrx_word' id='word_1_521' title='bbox 343 2377 394 2395; x_wconf 85' lang='lat' dir='ltr'><strong>non</strong></span> <span class='ocrx_word' id='word_1_522' title='bbox 418 2371 563 2402; x_wconf 73' lang='lat' dir='ltr'><strong>mortifere,</strong></span> <span class='ocrx_word' id='word_1_523' title='bbox 592 2370 746 2407; x_wconf 74' lang='lat' dir='ltr'><strong>negligentia</strong></span> <span class='ocrx_word' id='word_1_524' title='bbox 774 2376 858 2397; x_wconf 71' lang='lat' dir='ltr'><strong>autem</strong></span> <span class='ocrx_word' id='word_1_525' title='bbox 886 2372 1022 2410; x_wconf 44' lang='lat' dir='ltr'><strong>perierit.¹</strong></span> 
     </span>
     <span class='ocr_line' id='line_1_52' title="bbox 168 2408 1022 2450; baseline 0.006 -15"><span class='ocrx_word' id='word_1_526' title='bbox 168 2408 199 2435; x_wconf 79' lang='lat' dir='ltr'><strong>fr.</strong></span> <span class='ocrx_word' id='word_1_527' title='bbox 218 2410 259 2435; x_wconf 83' lang='lat'><strong>30.</strong></span> <span class='ocrx_word' id='word_1_528' title='bbox 279 2409 300 2442; x_wconf 62' lang='grc' dir='ltr'><strong>ξ.</strong></span> <span class='ocrx_word' id='word_1_529' title='bbox 320 2410 345 2436; x_wconf 88' lang='lat'><strong>4.</strong></span> <span class='ocrx_word' id='word_1_530' title='bbox 363 2410 393 2437; x_wconf 83' lang='lat' dir='ltr'><strong>fr.</strong></span> <span class='ocrx_word' id='word_1_531' title='bbox 412 2414 452 2439; x_wconf 96' lang='lat' dir='ltr'><strong>5l.</strong></span> <span class='ocrx_word' id='word_1_532' title='bbox 476 2424 514 2450; x_wconf 88' lang='lat' dir='ltr'><strong>pr.</strong></span> <span class='ocrx_word' id='word_1_533' title='bbox 539 2412 569 2439; x_wconf 84' lang='lat' dir='ltr'><strong>ad</strong></span> <span class='ocrx_word' id='word_1_534' title='bbox 594 2412 622 2440; x_wconf 88' lang='lat' dir='ltr'><strong>L.</strong></span> <span class='ocrx_word' id='word_1_535' title='bbox 640 2414 706 2450; x_wconf 86' lang='lat' dir='ltr'><strong>Aqu.</strong></span> <span class='ocrx_word' id='word_1_536' title='bbox 726 2416 749 2441; x_wconf 88' lang='lat'><strong>9.</strong></span> <span class='ocrx_word' id='word_1_537' title='bbox 768 2416 792 2440; x_wconf 91' lang='lat'><strong>2.</strong></span> <span class='ocrx_word' id='word_1_538' title='bbox 816 2413 887 2440; x_wconf 83' lang='lat' dir='ltr'><strong>Paul.</strong></span> <span class='ocrx_word' id='word_1_539' title='bbox 910 2413 939 2440; x_wconf 87' lang='lat' dir='ltr'><strong>V.</strong></span> <span class='ocrx_word' id='word_1_540' title='bbox 958 2416 999 2440; x_wconf 88' lang='lat'><strong>23.</strong></span> <span class='ocrx_word' id='word_1_541' title='bbox 1021 2419 1022 2448; x_wconf 52' lang='lat' dir='ltr'><strong>t</strong></span> 
     </span>
     <span class='ocr_line' id='line_1_53' title="bbox 168 2451 999 2492; baseline 0.008 -16"><span class='ocrx_word' id='word_1_542' title='bbox 168 2452 189 2485; x_wconf 60' lang='grc' dir='ltr'><strong>ξ.</strong></span> <span class='ocrx_word' id='word_1_543' title='bbox 209 2454 232 2478; x_wconf 92' lang='lat'><strong>5.</strong></span> <span class='ocrx_word' id='word_1_544' title='bbox 270 2451 299 2477; x_wconf 91' lang='lat' dir='ltr'><strong>Si</strong></span> <span class='ocrx_word' id='word_1_545' title='bbox 318 2453 376 2487; x_wconf 87' lang='lat' dir='ltr'><strong>quis</strong></span> <span class='ocrx_word' id='word_1_546' title='bbox 395 2453 426 2478; x_wconf 89' lang='lat' dir='ltr'><strong>ab</strong></span> <span class='ocrx_word' id='word_1_547' title='bbox 446 2455 532 2492; x_wconf 86' lang='lat' dir='ltr'><strong>aliquo</strong></span> <span class='ocrx_word' id='word_1_548' title='bbox 552 2455 711 2487; x_wconf 75' lang='lat' dir='ltr'><strong>vulneratus,</strong></span> <span class='ocrx_word' id='word_1_549' title='bbox 731 2462 773 2483; x_wconf 86' lang='lat' dir='ltr'><strong>aut</strong></span> <span class='ocrx_word' id='word_1_550' title='bbox 785 2457 944 2489; x_wconf 67' lang='lat' dir='ltr'><strong>verberatus,</strong></span> <span class='ocrx_word' id='word_1_551' title='bbox 964 2457 999 2483; x_wconf 88' lang='lat' dir='ltr'><strong>su—</strong></span> 
     </span>
     <span class='ocr_line' id='line_1_54' title="bbox 168 2494 998 2534; baseline 0.008 -15"><span class='ocrx_word' id='word_1_552' title='bbox 168 2494 287 2520; x_wconf 80' lang='lat' dir='ltr'><strong>stibusve</strong></span> <span class='ocrx_word' id='word_1_553' title='bbox 307 2504 397 2521; x_wconf 84' lang='lat' dir='ltr'><strong>caesus</strong></span> <span class='ocrx_word' id='word_1_554' title='bbox 416 2496 500 2523; x_wconf 84' lang='lat' dir='ltr'><strong>fuerit.</strong></span> <span class='ocrx_word' id='word_1_555' title='bbox 520 2497 576 2525; x_wconf 89' lang='lat' dir='ltr'><strong>Gai.</strong></span> <span class='ocrx_word' id='word_1_556' title='bbox 596 2498 638 2525; x_wconf 87' lang='grc'><strong>111.</strong></span> <span class='ocrx_word' id='word_1_557' title='bbox 657 2501 715 2525; x_wconf 83' lang='grc'><strong>225.</strong></span> <span class='ocrx_word' id='word_1_558' title='bbox 736 2499 765 2526; x_wconf 88' lang='lat' dir='ltr'><strong>fr.</strong></span> <span class='ocrx_word' id='word_1_559' title='bbox 784 2501 825 2525; x_wconf 84' lang='lat'><strong>27.</strong></span> <span class='ocrx_word' id='word_1_560' title='bbox 845 2500 866 2534; x_wconf 64' lang='grc' dir='ltr'><strong>ξ.</strong></span> <span class='ocrx_word' id='word_1_561' title='bbox 887 2501 926 2526; x_wconf 92' lang='lat'><strong>17.</strong></span> <span class='ocrx_word' id='word_1_562' title='bbox 946 2499 962 2526; x_wconf 98' lang='lat' dir='ltr'><strong>l.</strong></span> <span class='ocrx_word' id='word_1_563' title='bbox 982 2499 998 2525; x_wconf 91' lang='lat' dir='ltr'><strong>l.</strong></span> 
     </span>
     <span class='ocr_line' id='line_1_55' title="bbox 167 2537 999 2580; baseline 0.007 -18"><span class='ocrx_word' id='word_1_564' title='bbox 167 2539 191 2563; x_wconf 84' lang='lat'><strong>9.</strong></span> <span class='ocrx_word' id='word_1_565' title='bbox 210 2539 234 2563; x_wconf 81' lang='grc'><strong>2.</strong></span> <span class='ocrx_word' id='word_1_566' title='bbox 272 2537 335 2563; x_wconf 74' lang='lat' dir='ltr'><strong>Fera</strong></span> <span class='ocrx_word' id='word_1_567' title='bbox 354 2537 448 2569; x_wconf 78' lang='lat' dir='ltr'><strong>bestia,</strong></span> <span class='ocrx_word' id='word_1_568' title='bbox 468 2549 532 2575; x_wconf 79' lang='lat' dir='ltr'><strong>quae</strong></span> <span class='ocrx_word' id='word_1_569' title='bbox 550 2542 584 2567; x_wconf 78' lang='lat' dir='ltr'><strong>ita</strong></span> <span class='ocrx_word' id='word_1_570' title='bbox 604 2541 736 2568; x_wconf 86' lang='lat' dir='ltr'><strong>vulnerata</strong></span> <span class='ocrx_word' id='word_1_571' title='bbox 756 2543 799 2573; x_wconf 85' lang='lat' dir='ltr'><strong>sit,</strong></span> <span class='ocrx_word' id='word_1_572' title='bbox 819 2547 846 2568; x_wconf 92' lang='lat' dir='ltr'><strong>ut</strong></span> <span class='ocrx_word' id='word_1_573' title='bbox 865 2543 921 2579; x_wconf 83' lang='lat' dir='ltr'><strong>capi</strong></span> <span class='ocrx_word' id='word_1_574' title='bbox 940 2552 999 2580; x_wconf 83' lang='lat' dir='ltr'><strong>pos-</strong></span> 
     </span>
     <span class='ocr_line' id='line_1_56' title="bbox 168 2580 998 2618; baseline 0.008 -13"><span class='ocrx_word' id='word_1_575' title='bbox 168 2581 210 2606; x_wconf 80' lang='lat' dir='ltr'><strong>sit.</strong></span> <span class='ocrx_word' id='word_1_576' title='bbox 234 2580 263 2606; x_wconf 93' lang='lat' dir='ltr'><strong>fr.</strong></span> <span class='ocrx_word' id='word_1_577' title='bbox 288 2582 311 2606; x_wconf 93' lang='lat'><strong>5.</strong></span> <span class='ocrx_word' id='word_1_578' title='bbox 337 2580 358 2613; x_wconf 81' lang='lat'><strong>§.</strong></span> <span class='ocrx_word' id='word_1_579' title='bbox 384 2582 406 2606; x_wconf 92' lang='grc'><strong>1.</strong></span> <span class='ocrx_word' id='word_1_580' title='bbox 435 2580 467 2607; x_wconf 78' lang='lat' dir='ltr'><strong>de</strong></span> <span class='ocrx_word' id='word_1_581' title='bbox 491 2581 521 2607; x_wconf 89' lang='lat' dir='ltr'><strong>A.</strong></span> <span class='ocrx_word' id='word_1_582' title='bbox 541 2582 571 2609; x_wconf 83' lang='lat' dir='ltr'><strong>R.</strong></span> <span class='ocrx_word' id='word_1_583' title='bbox 590 2584 623 2610; x_wconf 93' lang='lat' dir='ltr'><strong>D.</strong></span> <span class='ocrx_word' id='word_1_584' title='bbox 643 2586 683 2611; x_wconf 92' lang='lat'><strong>41.</strong></span> <span class='ocrx_word' id='word_1_585' title='bbox 705 2586 726 2610; x_wconf 90' lang='lat'><strong>1.</strong></span> <span class='ocrx_word' id='word_1_586' title='bbox 749 2600 777 2603; x_wconf 98' lang='lat'><strong>—</strong></span> <span class='ocrx_word' id='word_1_587' title='bbox 807 2585 837 2618; x_wconf 75' lang='lat'><strong>§0</strong></span> <span class='ocrx_word' id='word_1_588' title='bbox 856 2586 892 2611; x_wconf 89' lang='grc'><strong>2.</strong></span> <span class='ocrx_word' id='word_1_589' title='bbox 919 2587 998 2612; x_wconf 79' lang='lat' dir='ltr'><strong>Lae-</strong></span> 
     </span>
     <span class='ocr_line' id='line_1_57' title="bbox 168 2623 998 2654; baseline 0.007 -6"><span class='ocrx_word' id='word_1_590' title='bbox 168 2625 250 2654; x_wconf 62' lang='grc' dir='ltr'><strong>τίει-ρ,</strong></span> <span class='ocrx_word' id='word_1_591' title='bbox 275 2624 412 2650; x_wconf 82' lang='lat' dir='ltr'><strong>Violare.</strong></span> <span class='ocrx_word' id='word_1_592' title='bbox 449 2623 491 2650; x_wconf 92' lang='lat' dir='ltr'><strong>III.</strong></span> <span class='ocrx_word' id='word_1_593' title='bbox 513 2625 577 2652; x_wconf 76' lang='lat' dir='ltr'><strong>Gn.</strong></span> <span class='ocrx_word' id='word_1_594' title='bbox 597 2626 793 2654; x_wconf 75' lang='lat' dir='ltr'><strong>contumelioso</strong></span> <span class='ocrx_word' id='word_1_595' title='bbox 813 2628 916 2654; x_wconf 89' lang='lat' dir='ltr'><strong>nomine</strong></span> <span class='ocrx_word' id='word_1_596' title='bbox 935 2629 998 2654; x_wconf 83' lang='lat' dir='ltr'><strong>iniu-</strong></span> 
     </span>
     <span class='ocr_line' id='line_1_58' title="bbox 168 2665 997 2707; baseline 0.007 -16"><span class='ocrx_word' id='word_1_597' title='bbox 168 2665 221 2691; x_wconf 81' lang='lat' dir='ltr'><strong>riae</strong></span> <span class='ocrx_word' id='word_1_598' title='bbox 243 2665 386 2692; x_wconf 77' lang='lat' dir='ltr'><strong>vulnerare.</strong></span> <span class='ocrx_word' id='word_1_599' title='bbox 412 2665 460 2692; x_wconf 84' lang='lat' dir='ltr'><strong>Th.</strong></span> <span class='ocrx_word' id='word_1_600' title='bbox 482 2666 513 2693; x_wconf 87' lang='lat' dir='ltr'><strong>C.</strong></span> <span class='ocrx_word' id='word_1_601' title='bbox 533 2666 577 2693; x_wconf 84' lang='lat' dir='ltr'><strong>IX.</strong></span> <span class='ocrx_word' id='word_1_602' title='bbox 596 2669 636 2694; x_wconf 85' lang='lat'><strong>38.</strong></span> <span class='ocrx_word' id='word_1_603' title='bbox 661 2680 681 2696; x_wconf 87' lang='lat' dir='ltr'><strong>c.</strong></span> <span class='ocrx_word' id='word_1_604' title='bbox 701 2672 724 2696; x_wconf 80' lang='lat'><strong>9.</strong></span> <span class='ocrx_word' id='word_1_605' title='bbox 750 2670 781 2696; x_wconf 88' lang='lat' dir='ltr'><strong>de</strong></span> <span class='ocrx_word' id='word_1_606' title='bbox 806 2670 901 2707; x_wconf 80' lang='lat' dir='ltr'><strong>indulg.</strong></span> <span class='ocrx_word' id='word_1_607' title='bbox 927 2672 997 2697; x_wconf 88' lang='lat' dir='ltr'><strong>crim.</strong></span> 
     </span>
     <span class='ocr_line' id='line_1_59' title="bbox 168 2706 997 2749; baseline 0.008 -16"><span class='ocrx_word' id='word_1_608' title='bbox 168 2706 232 2733; x_wconf 85' lang='lat' dir='ltr'><strong>Post</strong></span> <span class='ocrx_word' id='word_1_609' title='bbox 252 2718 353 2734; x_wconf 82' lang='lat' dir='ltr'><strong>causam</strong></span> <span class='ocrx_word' id='word_1_610' title='bbox 373 2709 546 2742; x_wconf 72' lang='lat' dir='ltr'><strong>vulneratam,</strong></span> <span class='ocrx_word' id='word_1_611' title='bbox 569 2711 709 2738; x_wconf 82' lang='lat' dir='ltr'><strong>remedium</strong></span> <span class='ocrx_word' id='word_1_612' title='bbox 729 2723 859 2749; x_wconf 83' lang='lat' dir='ltr'><strong>quaerere.</strong></span> <span class='ocrx_word' id='word_1_613' title='bbox 885 2724 905 2740; x_wconf 89' lang='lat' dir='ltr'><strong>c.</strong></span> <span class='ocrx_word' id='word_1_614' title='bbox 925 2716 947 2739; x_wconf 87' lang='lat'><strong>5.</strong></span> <span class='ocrx_word' id='word_1_615' title='bbox 972 2714 997 2739; x_wconf 86' lang='lat' dir='ltr'><strong>in</strong></span> 
     </span>
    </p>
   </div>
   <div class='ocr_carea' id='block_1_8' title="bbox 168 2751 998 2786">
    <p class='ocr_par' dir='ltr' id='par_1_8' title="bbox 168 2751 998 2786">
     <span class='ocr_line' id='line_1_60' title="bbox 168 2751 998 2786; baseline 0.008 -10"><span class='ocrx_word' id='word_1_616' title='bbox 168 2760 210 2786; x_wconf 88' lang='lat' dir='ltr'><strong>qu.</strong></span> <span class='ocrx_word' id='word_1_617' title='bbox 235 2760 255 2777; x_wconf 91' lang='lat' dir='ltr'><strong>c.</strong></span> <span class='ocrx_word' id='word_1_618' title='bbox 281 2760 346 2778; x_wconf 88' lang='lat' dir='ltr'><strong>cess.</strong></span> <span class='ocrx_word' id='word_1_619' title='bbox 371 2751 389 2778; x_wconf 87' lang='lat'><strong>1.</strong></span> <span class='ocrx_word' id='word_1_620' title='bbox 414 2752 432 2778; x_wconf 91' lang='lat'><strong>1.</strong></span> <span class='ocrx_word' id='word_1_621' title='bbox 456 2753 486 2780; x_wconf 80' lang='lat' dir='ltr'><strong>R.</strong></span> <span class='ocrx_word' id='word_1_622' title='bbox 511 2755 534 2779; x_wconf 87' lang='lat'><strong>2.</strong></span> <span class='ocrx_word' id='word_1_623' title='bbox 558 2754 597 2778; x_wconf 90' lang='lat'><strong>41.</strong></span> <span class='ocrx_word' id='word_1_624' title='bbox 624 2753 672 2780; x_wconf 89' lang='lat' dir='ltr'><strong>Th.</strong></span> <span class='ocrx_word' id='word_1_625' title='bbox 698 2754 728 2782; x_wconf 89' lang='lat' dir='ltr'><strong>C.</strong></span> <span class='ocrx_word' id='word_1_626' title='bbox 747 2755 791 2782; x_wconf 83' lang='lat' dir='ltr'><strong>XI.</strong></span> <span class='ocrx_word' id='word_1_627' title='bbox 810 2758 851 2782; x_wconf 80' lang='lat'><strong>30.</strong></span> <span class='ocrx_word' id='word_1_628' title='bbox 871 2767 892 2783; x_wconf 84' lang='lat' dir='ltr'><strong>c.</strong></span> <span class='ocrx_word' id='word_1_629' title='bbox 908 2759 947 2783; x_wconf 83' lang='lat'><strong>15.</strong></span> <span class='ocrx_word' id='word_1_630' title='bbox 966 2755 998 2782; x_wconf 85' lang='lat' dir='ltr'><strong>de</strong></span> 
     </span>
    </p>
   </div>
   <div class='ocr_carea' id='block_1_9' title="bbox 1020 233 1031 2847">
    <p class='ocr_par' dir='ltr' id='par_1_9' title="bbox 1020 233 1031 2847">
     <span class='ocr_line' id='line_1_61' title="bbox 1020 233 1031 2847; baseline 0 0"><span class='ocrx_word' id='word_1_631' title='bbox 1020 233 1031 2847; x_wconf 95' lang='lat' dir='ltr'><strong> </strong></span> 
     </span>
    </p>
   </div>
   <div class='ocr_carea' id='block_1_10' title="bbox 169 2792 365 2830">
    <p class='ocr_par' dir='ltr' id='par_1_10' title="bbox 169 2792 365 2830">
     <span class='ocr_line' id='line_1_62' title="bbox 169 2792 365 2830; baseline 0.005 -11"><span class='ocrx_word' id='word_1_632' title='bbox 169 2792 226 2830; x_wconf 79' lang='lat' dir='ltr'><strong>adp.</strong></span> <span class='ocrx_word' id='word_1_633' title='bbox 245 2798 270 2820; x_wconf 85' lang='lat' dir='ltr'><strong>et</strong></span> <span class='ocrx_word' id='word_1_634' title='bbox 288 2803 365 2830; x_wconf 83' lang='lat' dir='ltr'><strong>poen.</strong></span> 
     </span>
    </p>
   </div>
   <div class='ocr_carea' id='block_1_11' title="bbox 1057 152 1884 188">
    <p class='ocr_par' dir='ltr' id='par_1_11' title="bbox 1057 152 1884 188">
     <span class='ocr_line' id='line_1_63' title="bbox 1057 152 1884 188; baseline 0.006 -5"><span class='ocrx_word' id='word_1_635' title='bbox 1057 152 1159 184; x_wconf 89' lang='lat' dir='ltr'><strong>VXO.</strong></span> <span class='ocrx_word' id='word_1_636' title='bbox 1803 157 1884 188; x_wconf 87' lang='lat'><strong>1027</strong></span> 
     </span>
    </p>
   </div>
   <div class='ocr_carea' id='block_1_12' title="bbox 1049 235 1887 698">
    <p class='ocr_par' dir='ltr' id='par_1_12' title="bbox 1049 235 1887 698">
     <span class='ocr_line' id='line_1_64' title="bbox 1085 235 1884 270; baseline 0.005 -10"><span class='ocrx_word' id='word_1_637' title='bbox 1085 235 1239 261; x_wconf 78' lang='lat' dir='ltr'><strong>Vulnus.</strong></span> <span class='ocrx_word' id='word_1_638' title='bbox 1259 235 1290 268; x_wconf 74' lang='lat'><strong>§0</strong></span> <span class='ocrx_word' id='word_1_639' title='bbox 1305 235 1339 262; x_wconf 85' lang='lat' dir='ltr'><strong>l.</strong></span> <span class='ocrx_word' id='word_1_640' title='bbox 1359 237 1527 270; x_wconf 77' lang='lat' dir='ltr'><strong>Apertura</strong></span> <span class='ocrx_word' id='word_1_641' title='bbox 1545 238 1577 262; x_wconf 85' lang='lat' dir='ltr'><strong>in</strong></span> <span class='ocrx_word' id='word_1_642' title='bbox 1591 246 1736 270; x_wconf 81' lang='lat' dir='ltr'><strong>corpore,</strong></span> <span class='ocrx_word' id='word_1_643' title='bbox 1754 247 1789 263; x_wconf 79' lang='lat' dir='ltr'><strong>ex</strong></span> <span class='ocrx_word' id='word_1_644' title='bbox 1808 239 1884 264; x_wconf 72' lang='lat' dir='ltr'><strong>ictu.</strong></span> 
     </span>
     <span class='ocr_line' id='line_1_65' title="bbox 1049 275 1887 316; baseline 0.006 -14"><span class='ocrx_word' id='word_1_645' title='bbox 1049 275 1092 303; x_wconf 91' lang='lat'><strong>111.</strong></span> <span class='ocrx_word' id='word_1_646' title='bbox 1111 277 1176 304; x_wconf 71' lang='lat' dir='ltr'><strong>Cn.</strong></span> <span class='ocrx_word' id='word_1_647' title='bbox 1201 276 1229 303; x_wconf 88' lang='lat' dir='ltr'><strong>Si</strong></span> <span class='ocrx_word' id='word_1_648' title='bbox 1253 277 1319 303; x_wconf 78' lang='lat' dir='ltr'><strong>alius</strong></span> <span class='ocrx_word' id='word_1_649' title='bbox 1343 278 1477 306; x_wconf 82' lang='lat' dir='ltr'><strong>mortifero</strong></span> <span class='ocrx_word' id='word_1_650' title='bbox 1500 278 1606 306; x_wconf 84' lang='lat' dir='ltr'><strong>vulnere</strong></span> <span class='ocrx_word' id='word_1_651' title='bbox 1625 281 1799 316; x_wconf 79' lang='lat' dir='ltr'><strong>percusserit.</strong></span> <span class='ocrx_word' id='word_1_652' title='bbox 1820 280 1887 307; x_wconf 85' lang='lat' dir='ltr'><strong>alius</strong></span> 
     </span>
     <span class='ocr_line' id='line_1_66' title="bbox 1050 319 1885 356; baseline 0.006 -12"><span class='ocrx_word' id='word_1_653' title='bbox 1050 323 1143 356; x_wconf 84' lang='lat' dir='ltr'><strong>postea</strong></span> <span class='ocrx_word' id='word_1_654' title='bbox 1162 319 1352 346; x_wconf 72' lang='lat' dir='ltr'><strong>examinaverit.</strong></span> <span class='ocrx_word' id='word_1_655' title='bbox 1376 320 1406 347; x_wconf 86' lang='lat' dir='ltr'><strong>fr.</strong></span> <span class='ocrx_word' id='word_1_656' title='bbox 1428 323 1467 348; x_wconf 85' lang='lat'><strong>11.</strong></span> <span class='ocrx_word' id='word_1_657' title='bbox 1491 321 1512 355; x_wconf 85' lang='lat'><strong>§.</strong></span> <span class='ocrx_word' id='word_1_658' title='bbox 1532 323 1556 348; x_wconf 87' lang='lat'><strong>3.</strong></span> <span class='ocrx_word' id='word_1_659' title='bbox 1577 322 1606 349; x_wconf 88' lang='lat' dir='ltr'><strong>fr.</strong></span> <span class='ocrx_word' id='word_1_660' title='bbox 1626 323 1665 349; x_wconf 87' lang='lat'><strong>43.</strong></span> <span class='ocrx_word' id='word_1_661' title='bbox 1685 322 1715 349; x_wconf 91' lang='lat' dir='ltr'><strong>fr.</strong></span> <span class='ocrx_word' id='word_1_662' title='bbox 1735 324 1775 348; x_wconf 87' lang='lat'><strong>46.</strong></span> <span class='ocrx_word' id='word_1_663' title='bbox 1795 322 1825 349; x_wconf 86' lang='lat' dir='ltr'><strong>sr.</strong></span> <span class='ocrx_word' id='word_1_664' title='bbox 1845 325 1885 350; x_wconf 87' lang='lat'><strong>51.</strong></span> 
     </span>
     <span class='ocr_line' id='line_1_67' title="bbox 1050 361 1887 399; baseline 0.005 -11"><span class='ocrx_word' id='word_1_665' title='bbox 1050 372 1088 399; x_wconf 89' lang='lat' dir='ltr'><strong>pr.</strong></span> <span class='ocrx_word' id='word_1_666' title='bbox 1108 361 1140 389; x_wconf 87' lang='lat' dir='ltr'><strong>ad</strong></span> <span class='ocrx_word' id='word_1_667' title='bbox 1158 361 1188 389; x_wconf 92' lang='lat' dir='ltr'><strong>L.</strong></span> <span class='ocrx_word' id='word_1_668' title='bbox 1207 362 1275 398; x_wconf 80' lang='lat' dir='ltr'><strong>Aqu.</strong></span> <span class='ocrx_word' id='word_1_669' title='bbox 1295 364 1317 388; x_wconf 88' lang='grc'><strong>9.</strong></span> <span class='ocrx_word' id='word_1_670' title='bbox 1336 364 1360 389; x_wconf 80' lang='lat'><strong>2.</strong></span> <span class='ocrx_word' id='word_1_671' title='bbox 1399 363 1465 390; x_wconf 82' lang='lat' dir='ltr'><strong>Telo</strong></span> <span class='ocrx_word' id='word_1_672' title='bbox 1494 374 1568 395; x_wconf 87' lang='lat' dir='ltr'><strong>usus,</strong></span> <span class='ocrx_word' id='word_1_673' title='bbox 1597 364 1674 391; x_wconf 79' lang='lat' dir='ltr'><strong>letale</strong></span> <span class='ocrx_word' id='word_1_674' title='bbox 1702 364 1796 391; x_wconf 90' lang='lat' dir='ltr'><strong>vulnus</strong></span> <span class='ocrx_word' id='word_1_675' title='bbox 1821 366 1887 392; x_wconf 85' lang='lat' dir='ltr'><strong>inssi-</strong></span> 
     </span>
     <span class='ocr_line' id='line_1_68' title="bbox 1050 404 1887 441; baseline 0.004 -10"><span class='ocrx_word' id='word_1_676' title='bbox 1050 414 1118 441; x_wconf 79' lang='lat' dir='ltr'><strong>gere.</strong></span> <span class='ocrx_word' id='word_1_677' title='bbox 1147 404 1196 431; x_wconf 85' lang='lat' dir='ltr'><strong>Th.</strong></span> <span class='ocrx_word' id='word_1_678' title='bbox 1216 404 1247 431; x_wconf 90' lang='lat' dir='ltr'><strong>C.</strong></span> <span class='ocrx_word' id='word_1_679' title='bbox 1271 404 1315 431; x_wconf 86' lang='lat' dir='ltr'><strong>IX.</strong></span> <span class='ocrx_word' id='word_1_680' title='bbox 1336 407 1374 432; x_wconf 77' lang='lat'><strong>12.</strong></span> <span class='ocrx_word' id='word_1_681' title='bbox 1402 416 1423 432; x_wconf 88' lang='lat' dir='ltr'><strong>c.</strong></span> <span class='ocrx_word' id='word_1_682' title='bbox 1446 408 1466 432; x_wconf 98' lang='lat'><strong>1.</strong></span> <span class='ocrx_word' id='word_1_683' title='bbox 1487 406 1519 433; x_wconf 83' lang='lat' dir='ltr'><strong>tle</strong></span> <span class='ocrx_word' id='word_1_684' title='bbox 1550 407 1648 434; x_wconf 85' lang='lat' dir='ltr'><strong>emend.</strong></span> <span class='ocrx_word' id='word_1_685' title='bbox 1678 417 1744 434; x_wconf 85' lang='lat' dir='ltr'><strong>serv.</strong></span> <span class='ocrx_word' id='word_1_686' title='bbox 1781 407 1887 440; x_wconf 84' lang='lat' dir='ltr'><strong>Caedis,</strong></span> 
     </span>
     <span class='ocr_line' id='line_1_69' title="bbox 1050 447 1886 486; baseline 0.005 -13"><span class='ocrx_word' id='word_1_687' title='bbox 1050 452 1128 484; x_wconf 78' lang='lat' dir='ltr'><strong>atque</strong></span> <span class='ocrx_word' id='word_1_688' title='bbox 1155 447 1292 474; x_wconf 79' lang='lat' dir='ltr'><strong>vulnerum</strong></span> <span class='ocrx_word' id='word_1_689' title='bbox 1320 449 1470 481; x_wconf 82' lang='lat' dir='ltr'><strong>(crimina.)</strong></span> <span class='ocrx_word' id='word_1_690' title='bbox 1499 459 1520 476; x_wconf 90' lang='lat' dir='ltr'><strong>c.</strong></span> <span class='ocrx_word' id='word_1_691' title='bbox 1542 451 1563 476; x_wconf 94' lang='lat'><strong>1.</strong></span> <span class='ocrx_word' id='word_1_692' title='bbox 1589 450 1622 477; x_wconf 83' lang='grc'><strong>(18</strong></span> <span class='ocrx_word' id='word_1_693' title='bbox 1645 450 1669 476; x_wconf 90' lang='lat' dir='ltr'><strong>h.</strong></span> <span class='ocrx_word' id='word_1_694' title='bbox 1689 451 1733 486; x_wconf 90' lang='lat' dir='ltr'><strong>qui</strong></span> <span class='ocrx_word' id='word_1_695' title='bbox 1756 460 1841 477; x_wconf 81' lang='lat' dir='ltr'><strong>accuS.</strong></span> <span class='ocrx_word' id='word_1_696' title='bbox 1860 461 1886 478; x_wconf 91' lang='lat' dir='ltr'><strong>n.</strong></span> 
     </span>
     <span class='ocr_line' id='line_1_70' title="bbox 1049 490 1884 527; baseline 0.005 -11"><span class='ocrx_word' id='word_1_697' title='bbox 1049 500 1121 527; x_wconf 90' lang='lat' dir='ltr'><strong>poss.</strong></span> <span class='ocrx_word' id='word_1_698' title='bbox 1146 492 1169 516; x_wconf 84' lang='lat'><strong>9.</strong></span> <span class='ocrx_word' id='word_1_699' title='bbox 1196 492 1217 516; x_wconf 97' lang='lat'><strong>1.</strong></span> <span class='ocrx_word' id='word_1_700' title='bbox 1254 490 1437 518; x_wconf 86' lang='lat' dir='ltr'><strong>Gloriosorum</strong></span> <span class='ocrx_word' id='word_1_701' title='bbox 1457 491 1591 519; x_wconf 85' lang='lat' dir='ltr'><strong>vulnerum</strong></span> <span class='ocrx_word' id='word_1_702' title='bbox 1615 494 1758 520; x_wconf 76' lang='lat' dir='ltr'><strong>cicatrices.</strong></span> <span class='ocrx_word' id='word_1_703' title='bbox 1784 493 1834 519; x_wconf 83' lang='lat' dir='ltr'><strong>Th.</strong></span> <span class='ocrx_word' id='word_1_704' title='bbox 1854 493 1884 520; x_wconf 93' lang='lat' dir='ltr'><strong>C.</strong></span> 
     </span>
     <span class='ocr_line' id='line_1_71' title="bbox 1052 532 1884 568; baseline 0.006 -10"><span class='ocrx_word' id='word_1_705' title='bbox 1052 532 1102 559; x_wconf 70' lang='lat' dir='ltr'><strong>VII.</strong></span> <span class='ocrx_word' id='word_1_706' title='bbox 1127 535 1168 559; x_wconf 81' lang='lat'><strong>20.</strong></span> <span class='ocrx_word' id='word_1_707' title='bbox 1197 543 1216 559; x_wconf 92' lang='lat' dir='ltr'><strong>c.</strong></span> <span class='ocrx_word' id='word_1_708' title='bbox 1244 534 1282 559; x_wconf 91' lang='grc'><strong>12.</strong></span> <span class='ocrx_word' id='word_1_709' title='bbox 1311 533 1332 566; x_wconf 81' lang='lat'><strong>§.</strong></span> <span class='ocrx_word' id='word_1_710' title='bbox 1359 535 1380 560; x_wconf 96' lang='lat' dir='ltr'><strong>l.</strong></span> <span class='ocrx_word' id='word_1_711' title='bbox 1409 534 1440 560; x_wconf 83' lang='lat' dir='ltr'><strong>cf.</strong></span> <span class='ocrx_word' id='word_1_712' title='bbox 1470 545 1490 560; x_wconf 89' lang='lat' dir='ltr'><strong>c.</strong></span> <span class='ocrx_word' id='word_1_713' title='bbox 1514 537 1537 561; x_wconf 80' lang='lat'><strong>4.</strong></span> <span class='ocrx_word' id='word_1_714' title='bbox 1566 536 1588 568; x_wconf 55' lang='grc' dir='ltr'><strong>ᾗ.</strong></span> <span class='ocrx_word' id='word_1_715' title='bbox 1607 537 1631 562; x_wconf 83' lang='lat'><strong>3.</strong></span> <span class='ocrx_word' id='word_1_716' title='bbox 1660 535 1693 562; x_wconf 89' lang='lat' dir='ltr'><strong>de</strong></span> <span class='ocrx_word' id='word_1_717' title='bbox 1720 540 1833 562; x_wconf 86' lang='lat' dir='ltr'><strong>veteran.</strong></span> <span class='ocrx_word' id='word_1_718' title='bbox 1854 552 1884 556; x_wconf 89' lang='lat'><strong>—-</strong></span> 
     </span>
     <span class='ocr_line' id='line_1_72' title="bbox 1049 575 1887 609; baseline 0.004 -7"><span class='ocrx_word' id='word_1_719' title='bbox 1049 576 1080 609; x_wconf 62' lang='grc' dir='ltr'><strong>ἓ.</strong></span> <span class='ocrx_word' id='word_1_720' title='bbox 1100 577 1135 603; x_wconf 87' lang='grc'><strong>2.</strong></span> <span class='ocrx_word' id='word_1_721' title='bbox 1159 577 1287 603; x_wconf 69' lang='lat' dir='ltr'><strong>Vitium.</strong></span> <span class='ocrx_word' id='word_1_722' title='bbox 1325 575 1366 601; x_wconf 95' lang='grc'><strong>111.</strong></span> <span class='ocrx_word' id='word_1_723' title='bbox 1387 577 1452 604; x_wconf 73' lang='lat' dir='ltr'><strong>Gn.</strong></span> <span class='ocrx_word' id='word_1_724' title='bbox 1476 577 1542 604; x_wconf 89' lang='lat' dir='ltr'><strong>Cum</strong></span> <span class='ocrx_word' id='word_1_725' title='bbox 1562 594 1593 597; x_wconf 96' lang='lat'><strong>—</strong></span> <span class='ocrx_word' id='word_1_726' title='bbox 1613 579 1732 604; x_wconf 89' lang='lat' dir='ltr'><strong>iniuriam</strong></span> <span class='ocrx_word' id='word_1_727' title='bbox 1751 588 1793 605; x_wconf 85' lang='lat' dir='ltr'><strong>res</strong></span> <span class='ocrx_word' id='word_1_728' title='bbox 1812 580 1838 605; x_wconf 90' lang='lat' dir='ltr'><strong>in</strong></span> <span class='ocrx_word' id='word_1_729' title='bbox 1857 588 1887 605; x_wconf 85' lang='lat' dir='ltr'><strong>se</strong></span> 
     </span>
     <span class='ocr_line' id='line_1_73' title="bbox 1049 618 1884 658; baseline 0.005 -14"><span class='ocrx_word' id='word_1_730' title='bbox 1049 619 1174 650; x_wconf 70' lang='lat' dir='ltr'><strong>continet,</strong></span> <span class='ocrx_word' id='word_1_731' title='bbox 1192 618 1327 655; x_wconf 84' lang='lat' dir='ltr'><strong>plerisque</strong></span> <span class='ocrx_word' id='word_1_732' title='bbox 1346 620 1419 654; x_wconf 77' lang='lat' dir='ltr'><strong>quasi</strong></span> <span class='ocrx_word' id='word_1_733' title='bbox 1438 620 1531 647; x_wconf 86' lang='lat' dir='ltr'><strong>vulnus</strong></span> <span class='ocrx_word' id='word_1_734' title='bbox 1551 621 1704 648; x_wconf 85' lang='lat' dir='ltr'><strong>intestinum</strong></span> <span class='ocrx_word' id='word_1_735' title='bbox 1717 622 1884 658; x_wconf 83' lang='lat' dir='ltr'><strong>incognitum.</strong></span> 
     </span>
     <span class='ocr_line' id='line_1_74' title="bbox 1049 660 1541 698; baseline 0.004 -11"><span class='ocrx_word' id='word_1_736' title='bbox 1049 671 1070 688; x_wconf 81' lang='lat' dir='ltr'><strong>c.</strong></span> <span class='ocrx_word' id='word_1_737' title='bbox 1090 663 1130 688; x_wconf 90' lang='lat'><strong>14.</strong></span> <span class='ocrx_word' id='word_1_738' title='bbox 1150 671 1189 698; x_wconf 92' lang='lat' dir='ltr'><strong>pr.</strong></span> <span class='ocrx_word' id='word_1_739' title='bbox 1209 660 1241 687; x_wconf 87' lang='lat' dir='ltr'><strong>de</strong></span> <span class='ocrx_word' id='word_1_740' title='bbox 1260 660 1330 697; x_wconf 80' lang='lat' dir='ltr'><strong>legit.</strong></span> <span class='ocrx_word' id='word_1_741' title='bbox 1350 661 1437 688; x_wconf 82' lang='lat' dir='ltr'><strong>hered.</strong></span> <span class='ocrx_word' id='word_1_742' title='bbox 1457 664 1480 689; x_wconf 89' lang='lat'><strong>6.</strong></span> <span class='ocrx_word' id='word_1_743' title='bbox 1500 664 1541 689; x_wconf 76' lang='lat'><strong>58.</strong></span> 
     </span>
    </p>
   </div>
   <div class='ocr_carea' id='block_1_13' title="bbox 1048 713 1885 786">
    <p class='ocr_par' dir='ltr' id='par_1_13' title="bbox 1048 713 1885 786">
     <span class='ocr_line' id='line_1_75' title="bbox 1082 713 1885 749; baseline 0.004 -11"><span class='ocrx_word' id='word_1_744' title='bbox 1082 713 1367 739; x_wconf 77' lang='lat' dir='ltr'><strong>Vulnuseulum.</strong></span> <span class='ocrx_word' id='word_1_745' title='bbox 1408 713 1528 739; x_wconf 75' lang='lat' dir='ltr'><strong>Vulnus</strong></span> <span class='ocrx_word' id='word_1_746' title='bbox 1556 716 1716 749; x_wconf 78' lang='lat' dir='ltr'><strong>exiguum.</strong></span> <span class='ocrx_word' id='word_1_747' title='bbox 1754 713 1798 740; x_wconf 88' lang='lat' dir='ltr'><strong>Ill.</strong></span> <span class='ocrx_word' id='word_1_748' title='bbox 1818 715 1885 742; x_wconf 77' lang='lat' dir='ltr'><strong>Gn.</strong></span> 
     </span>
     <span class='ocr_line' id='line_1_76' title="bbox 1048 753 1884 786; baseline 0.004 -6"><span class='ocrx_word' id='word_1_749' title='bbox 1048 753 1127 781; x_wconf 89' lang='lat' dir='ltr'><strong>Levis</strong></span> <span class='ocrx_word' id='word_1_750' title='bbox 1151 754 1289 786; x_wconf 81' lang='lat' dir='ltr'><strong>febricula,</strong></span> <span class='ocrx_word' id='word_1_751' title='bbox 1312 770 1344 775; x_wconf 92' lang='lat'>—</span> <span class='ocrx_word' id='word_1_752' title='bbox 1368 754 1408 781; x_wconf 84' lang='lat' dir='ltr'><strong>vel</strong></span> <span class='ocrx_word' id='word_1_753' title='bbox 1434 754 1618 782; x_wconf 85' lang='lat' dir='ltr'><strong>vulnusculum</strong></span> <span class='ocrx_word' id='word_1_754' title='bbox 1642 756 1780 784; x_wconf 84' lang='lat' dir='ltr'><strong>modicum.</strong></span> <span class='ocrx_word' id='word_1_755' title='bbox 1805 756 1836 783; x_wconf 87' lang='lat' dir='ltr'><strong>fr.</strong></span> <span class='ocrx_word' id='word_1_756' title='bbox 1863 759 1884 783; x_wconf 90' lang='grc'><strong>1.</strong></span> 
     </span>
    </p>
   </div>
   <div class='ocr_carea' id='block_1_14' title="bbox 1049 796 1671 876">
    <p class='ocr_par' dir='ltr' id='par_1_14' title="bbox 1049 796 1671 876">
     <span class='ocr_line' id='line_1_77' title="bbox 1049 796 1473 831; baseline 0.002 -8"><span class='ocrx_word' id='word_1_757' title='bbox 1049 797 1071 831; x_wconf 83' lang='lat'><strong>§.</strong></span> <span class='ocrx_word' id='word_1_758' title='bbox 1090 798 1114 823; x_wconf 86' lang='lat'><strong>8.</strong></span> <span class='ocrx_word' id='word_1_759' title='bbox 1135 796 1166 823; x_wconf 88' lang='grc'><strong>(18</strong></span> <span class='ocrx_word' id='word_1_760' title='bbox 1186 796 1272 823; x_wconf 86' lang='lat' dir='ltr'><strong>Aedil.</strong></span> <span class='ocrx_word' id='word_1_761' title='bbox 1292 797 1368 824; x_wconf 86' lang='lat' dir='ltr'><strong>edict.</strong></span> <span class='ocrx_word' id='word_1_762' title='bbox 1386 800 1429 824; x_wconf 88' lang='grc'><strong>21.</strong></span> <span class='ocrx_word' id='word_1_763' title='bbox 1451 799 1473 824; x_wconf 95' lang='lat'><strong>1.</strong></span> 
     </span>
     <span class='ocr_line' id='line_1_78' title="bbox 1084 847 1671 876; baseline 0.002 -2"><span class='ocrx_word' id='word_1_764' title='bbox 1084 848 1344 875; x_wconf 77' lang='lat' dir='ltr'><strong>Vulsiniensis.</strong></span> <span class='ocrx_word' id='word_1_765' title='bbox 1380 847 1422 875; x_wconf 88' lang='lat' dir='ltr'><strong>Cf.</strong></span> <span class='ocrx_word' id='word_1_766' title='bbox 1441 858 1465 874; x_wconf 90' lang='lat' dir='ltr'><strong>v.</strong></span> <span class='ocrx_word' id='word_1_767' title='bbox 1485 848 1671 876; x_wconf 79' lang='lat' dir='ltr'><strong>Volsiniensis.</strong></span> 
     </span>
    </p>
   </div>
   <div class='ocr_carea' id='block_1_15' title="bbox 1046 898 1885 1480">
    <p class='ocr_par' dir='ltr' id='par_1_15' title="bbox 1048 898 1885 1266">
     <span class='ocr_line' id='line_1_79' title="bbox 1083 898 1885 935; baseline 0.005 -11"><span class='ocrx_word' id='word_1_768' title='bbox 1083 899 1228 925; x_wconf 70' lang='lat' dir='ltr'><strong>Vultus.</strong></span> <span class='ocrx_word' id='word_1_769' title='bbox 1266 898 1297 932; x_wconf 84' lang='lat'><strong>§-</strong></span> <span class='ocrx_word' id='word_1_770' title='bbox 1312 899 1346 925; x_wconf 87' lang='grc'><strong>1.</strong></span> <span class='ocrx_word' id='word_1_771' title='bbox 1367 900 1507 925; x_wconf 80' lang='lat' dir='ltr'><strong>Habitus</strong></span> <span class='ocrx_word' id='word_1_772' title='bbox 1520 901 1640 935; x_wconf 77' lang='lat' dir='ltr'><strong>faciei,</strong></span> <span class='ocrx_word' id='word_1_773' title='bbox 1662 899 1790 932; x_wconf 82' lang='lat' dir='ltr'><strong>(adfectus</strong></span> <span class='ocrx_word' id='word_1_774' title='bbox 1808 902 1885 928; x_wconf 89' lang='lat' dir='ltr'><strong>animi</strong></span> 
     </span>
     <span class='ocr_line' id='line_1_80' title="bbox 1049 940 1884 979; baseline 0.005 -13"><span class='ocrx_word' id='word_1_775' title='bbox 1049 940 1185 973; x_wconf 60' lang='lat' dir='ltr'><strong>referens)</strong></span> <span class='ocrx_word' id='word_1_776' title='bbox 1222 940 1264 967; x_wconf 88' lang='grc'><strong>111.</strong></span> <span class='ocrx_word' id='word_1_777' title='bbox 1279 942 1344 968; x_wconf 78' lang='lat' dir='ltr'><strong>Cn.</strong></span> <span class='ocrx_word' id='word_1_778' title='bbox 1364 941 1448 968; x_wconf 86' lang='lat' dir='ltr'><strong>Cuius</strong></span> <span class='ocrx_word' id='word_1_779' title='bbox 1467 943 1544 968; x_wconf 80' lang='lat' dir='ltr'><strong>animi</strong></span> <span class='ocrx_word' id='word_1_780' title='bbox 1564 947 1661 968; x_wconf 87' lang='lat' dir='ltr'><strong>motum</strong></span> <span class='ocrx_word' id='word_1_781' title='bbox 1678 942 1765 969; x_wconf 83' lang='lat' dir='ltr'><strong>vultus</strong></span> <span class='ocrx_word' id='word_1_782' title='bbox 1780 943 1884 979; x_wconf 77' lang='lat' dir='ltr'><strong>detegit.</strong></span> 
     </span>
     <span class='ocr_line' id='line_1_81' title="bbox 1050 983 1885 1018; baseline 0.004 -8"><span class='ocrx_word' id='word_1_783' title='bbox 1050 983 1080 1010; x_wconf 84' lang='lat' dir='ltr'><strong>fr.</strong></span> <span class='ocrx_word' id='word_1_784' title='bbox 1101 985 1140 1010; x_wconf 88' lang='lat'><strong>19.</strong></span> <span class='ocrx_word' id='word_1_785' title='bbox 1160 984 1182 1017; x_wconf 57' lang='grc' dir='ltr'><strong>ᾗ.</strong></span> <span class='ocrx_word' id='word_1_786' title='bbox 1203 985 1225 1010; x_wconf 95' lang='lat'><strong>1.</strong></span> <span class='ocrx_word' id='word_1_787' title='bbox 1250 983 1283 1010; x_wconf 87' lang='lat' dir='ltr'><strong>de</strong></span> <span class='ocrx_word' id='word_1_788' title='bbox 1306 984 1349 1010; x_wconf 79' lang='lat' dir='ltr'><strong>off.</strong></span> <span class='ocrx_word' id='word_1_789' title='bbox 1374 983 1461 1010; x_wconf 83' lang='lat' dir='ltr'><strong>Praes.</strong></span> <span class='ocrx_word' id='word_1_790' title='bbox 1492 986 1513 1010; x_wconf 97' lang='lat'><strong>1.</strong></span> <span class='ocrx_word' id='word_1_791' title='bbox 1534 985 1574 1010; x_wconf 80' lang='lat'><strong>18.</strong></span> <span class='ocrx_word' id='word_1_792' title='bbox 1595 1000 1623 1004; x_wconf 86' lang='lat'>-</span> <span class='ocrx_word' id='word_1_793' title='bbox 1656 985 1686 1018; x_wconf 82' lang='lat'><strong>§.</strong></span> <span class='ocrx_word' id='word_1_794' title='bbox 1704 987 1739 1012; x_wconf 89' lang='grc'><strong>2.</strong></span> <span class='ocrx_word' id='word_1_795' title='bbox 1770 988 1885 1013; x_wconf 65' lang='lat' dir='ltr'><strong>Facies</strong></span> 
     </span>
     <span class='ocr_line' id='line_1_82' title="bbox 1049 1026 1885 1061; baseline 0.004 -9"><span class='ocrx_word' id='word_1_796' title='bbox 1049 1028 1121 1061; x_wconf 77' lang='lat' dir='ltr'><strong>ipsa</strong></span> <span class='ocrx_word' id='word_1_797' title='bbox 1139 1036 1291 1060; x_wconf 70' lang='lat' dir='ltr'><strong>expressa</strong></span> <span class='ocrx_word' id='word_1_798' title='bbox 1312 1029 1523 1061; x_wconf 77' lang='lat' dir='ltr'><strong>(Principis.)</strong></span> <span class='ocrx_word' id='word_1_799' title='bbox 1562 1026 1604 1053; x_wconf 93' lang='grc'><strong>111.</strong></span> <span class='ocrx_word' id='word_1_800' title='bbox 1624 1028 1690 1055; x_wconf 74' lang='lat' dir='ltr'><strong>Cn.</strong></span> <span class='ocrx_word' id='word_1_801' title='bbox 1714 1027 1795 1054; x_wconf 85' lang='lat' dir='ltr'><strong>Vultu</strong></span> <span class='ocrx_word' id='word_1_802' title='bbox 1814 1027 1885 1055; x_wconf 87' lang='lat' dir='ltr'><strong>Prin-</strong></span> 
     </span>
     <span class='ocr_line' id='line_1_83' title="bbox 1050 1069 1885 1108; baseline 0.004 -13"><span class='ocrx_word' id='word_1_803' title='bbox 1050 1069 1135 1106; x_wconf 87' lang='lat' dir='ltr'><strong>cipum</strong></span> <span class='ocrx_word' id='word_1_804' title='bbox 1155 1069 1254 1104; x_wconf 82' lang='lat' dir='ltr'><strong>signata</strong></span> <span class='ocrx_word' id='word_1_805' title='bbox 1272 1074 1383 1096; x_wconf 87' lang='lat' dir='ltr'><strong>moneta.</strong></span> <span class='ocrx_word' id='word_1_806' title='bbox 1402 1069 1474 1096; x_wconf 83' lang='lat' dir='ltr'><strong>Paul.</strong></span> <span class='ocrx_word' id='word_1_807' title='bbox 1494 1069 1525 1096; x_wconf 89' lang='lat' dir='ltr'><strong>V.</strong></span> <span class='ocrx_word' id='word_1_808' title='bbox 1544 1071 1586 1096; x_wconf 83' lang='lat'><strong>25.</strong></span> <span class='ocrx_word' id='word_1_809' title='bbox 1606 1070 1628 1103; x_wconf 59' lang='grc' dir='ltr'><strong>ξ.</strong></span> <span class='ocrx_word' id='word_1_810' title='bbox 1645 1072 1666 1096; x_wconf 95' lang='lat'><strong>1.</strong></span> <span class='ocrx_word' id='word_1_811' title='bbox 1703 1070 1745 1097; x_wconf 88' lang='lat' dir='ltr'><strong>Ad</strong></span> <span class='ocrx_word' id='word_1_812' title='bbox 1763 1071 1885 1108; x_wconf 75' lang='lat' dir='ltr'><strong>eslingen-</strong></span> 
     </span>
     <span class='ocr_line' id='line_1_84' title="bbox 1049 1110 1885 1148; baseline 0.006 -12"><span class='ocrx_word' id='word_1_813' title='bbox 1049 1111 1097 1137; x_wconf 85' lang='lat' dir='ltr'><strong>dos</strong></span> <span class='ocrx_word' id='word_1_814' title='bbox 1126 1120 1215 1137; x_wconf 87' lang='lat' dir='ltr'><strong>sacros</strong></span> <span class='ocrx_word' id='word_1_815' title='bbox 1242 1110 1330 1138; x_wconf 84' lang='lat' dir='ltr'><strong>vultus</strong></span> <span class='ocrx_word' id='word_1_816' title='bbox 1358 1128 1389 1132; x_wconf 92' lang='lat'>—</span> <span class='ocrx_word' id='word_1_817' title='bbox 1419 1113 1484 1148; x_wconf 83' lang='lat' dir='ltr'><strong>cogi.</strong></span> <span class='ocrx_word' id='word_1_818' title='bbox 1513 1111 1562 1139; x_wconf 87' lang='lat' dir='ltr'><strong>Th.</strong></span> <span class='ocrx_word' id='word_1_819' title='bbox 1583 1112 1613 1139; x_wconf 92' lang='lat' dir='ltr'><strong>C.</strong></span> <span class='ocrx_word' id='word_1_820' title='bbox 1633 1112 1701 1139; x_wconf 86' lang='lat' dir='ltr'><strong>Xlll.</strong></span> <span class='ocrx_word' id='word_1_821' title='bbox 1720 1116 1744 1140; x_wconf 85' lang='lat'><strong>4.</strong></span> <span class='ocrx_word' id='word_1_822' title='bbox 1769 1124 1790 1140; x_wconf 91' lang='lat' dir='ltr'><strong>c.</strong></span> <span class='ocrx_word' id='word_1_823' title='bbox 1809 1116 1832 1141; x_wconf 89' lang='lat'><strong>4.</strong></span> <span class='ocrx_word' id='word_1_824' title='bbox 1852 1114 1885 1141; x_wconf 85' lang='lat' dir='ltr'><strong>de</strong></span> 
     </span>
     <span class='ocr_line' id='line_1_85' title="bbox 1050 1153 1884 1184; baseline 0.006 -5"><span class='ocrx_word' id='word_1_825' title='bbox 1050 1163 1137 1180; x_wconf 80' lang='lat' dir='ltr'><strong>excuS.</strong></span> <span class='ocrx_word' id='word_1_826' title='bbox 1158 1153 1225 1180; x_wconf 85' lang='lat' dir='ltr'><strong>artif.</strong></span> <span class='ocrx_word' id='word_1_827' title='bbox 1260 1154 1416 1181; x_wconf 79' lang='lat' dir='ltr'><strong>Aeternales</strong></span> <span class='ocrx_word' id='word_1_828' title='bbox 1444 1155 1533 1182; x_wconf 90' lang='lat' dir='ltr'><strong>vultus</strong></span> <span class='ocrx_word' id='word_1_829' title='bbox 1558 1172 1589 1176; x_wconf 93' lang='lat'>—</span> <span class='ocrx_word' id='word_1_830' title='bbox 1614 1156 1720 1182; x_wconf 81' lang='lat' dir='ltr'><strong>violare.</strong></span> <span class='ocrx_word' id='word_1_831' title='bbox 1752 1167 1773 1183; x_wconf 89' lang='lat' dir='ltr'><strong>c.</strong></span> <span class='ocrx_word' id='word_1_832' title='bbox 1797 1159 1821 1184; x_wconf 96' lang='lat'><strong>3.</strong></span> <span class='ocrx_word' id='word_1_833' title='bbox 1852 1157 1884 1184; x_wconf 89' lang='grc'><strong>(18</strong></span> 
     </span>
     <span class='ocr_line' id='line_1_86' title="bbox 1048 1197 1884 1236; baseline 0.004 -13"><span class='ocrx_word' id='word_1_834' title='bbox 1048 1201 1099 1223; x_wconf 85' lang='lat' dir='ltr'><strong>vet.</strong></span> <span class='ocrx_word' id='word_1_835' title='bbox 1119 1206 1188 1223; x_wconf 89' lang='lat' dir='ltr'><strong>num.</strong></span> <span class='ocrx_word' id='word_1_836' title='bbox 1207 1201 1263 1234; x_wconf 90' lang='lat' dir='ltr'><strong>pot.</strong></span> <span class='ocrx_word' id='word_1_837' title='bbox 1282 1198 1323 1224; x_wconf 87' lang='lat'><strong>11.</strong></span> <span class='ocrx_word' id='word_1_838' title='bbox 1343 1199 1383 1224; x_wconf 87' lang='grc'><strong>10.</strong></span> <span class='ocrx_word' id='word_1_839' title='bbox 1406 1197 1455 1224; x_wconf 87' lang='lat' dir='ltr'><strong>Th.</strong></span> <span class='ocrx_word' id='word_1_840' title='bbox 1475 1198 1506 1226; x_wconf 92' lang='lat' dir='ltr'><strong>C.</strong></span> <span class='ocrx_word' id='word_1_841' title='bbox 1525 1198 1570 1225; x_wconf 88' lang='lat' dir='ltr'><strong>IX.</strong></span> <span class='ocrx_word' id='word_1_842' title='bbox 1589 1200 1631 1225; x_wconf 79' lang='lat'><strong>38.</strong></span> <span class='ocrx_word' id='word_1_843' title='bbox 1652 1209 1672 1225; x_wconf 94' lang='lat' dir='ltr'><strong>c.</strong></span> <span class='ocrx_word' id='word_1_844' title='bbox 1692 1200 1715 1226; x_wconf 90' lang='lat'><strong>6.</strong></span> <span class='ocrx_word' id='word_1_845' title='bbox 1736 1199 1768 1226; x_wconf 71' lang='lat' dir='ltr'><strong>de</strong></span> <span class='ocrx_word' id='word_1_846' title='bbox 1786 1199 1884 1236; x_wconf 75' lang='lat' dir='ltr'><strong>indulg.</strong></span> 
     </span>
     <span class='ocr_line' id='line_1_87' title="bbox 1048 1250 1119 1266; baseline 0 0"><span class='ocrx_word' id='word_1_847' title='bbox 1048 1250 1119 1266; x_wconf 87' lang='lat' dir='ltr'><strong>crnn.</strong></span> 
     </span>
    </p>

    <p class='ocr_par' dir='ltr' id='par_1_16' title="bbox 1046 1284 1884 1480">
     <span class='ocr_line' id='line_1_88' title="bbox 1082 1284 1884 1313; baseline 0.004 -4"><span class='ocrx_word' id='word_1_848' title='bbox 1082 1284 1215 1310; x_wconf 79' lang='lat' dir='ltr'><strong>Vulva.</strong></span> <span class='ocrx_word' id='word_1_849' title='bbox 1267 1284 1393 1310; x_wconf 78' lang='lat' dir='ltr'><strong>Matrix</strong></span> <span class='ocrx_word' id='word_1_850' title='bbox 1420 1286 1575 1311; x_wconf 71' lang='lat' dir='ltr'><strong>mulieris.</strong></span> <span class='ocrx_word' id='word_1_851' title='bbox 1620 1284 1662 1311; x_wconf 87' lang='grc'><strong>111.</strong></span> <span class='ocrx_word' id='word_1_852' title='bbox 1685 1286 1750 1313; x_wconf 74' lang='grc' dir='ltr'><strong>(7η.</strong></span> <span class='ocrx_word' id='word_1_853' title='bbox 1778 1285 1884 1312; x_wconf 88' lang='lat' dir='ltr'><strong>Vnasci</strong></span> 
     </span>
     <span class='ocr_line' id='line_1_89' title="bbox 1046 1325 1884 1364; baseline 0.005 -13"><span class='ocrx_word' id='word_1_854' title='bbox 1046 1335 1140 1362; x_wconf 86' lang='lat' dir='ltr'><strong>posse,</strong></span> <span class='ocrx_word' id='word_1_855' title='bbox 1164 1326 1222 1361; x_wconf 89' lang='lat' dir='ltr'><strong>quia</strong></span> <span class='ocrx_word' id='word_1_856' title='bbox 1246 1325 1338 1352; x_wconf 87' lang='lat' dir='ltr'><strong>vulvae</strong></span> <span class='ocrx_word' id='word_1_857' title='bbox 1360 1325 1497 1353; x_wconf 82' lang='lat' dir='ltr'><strong>mulierum</strong></span> <span class='ocrx_word' id='word_1_858' title='bbox 1521 1326 1630 1354; x_wconf 87' lang='lat' dir='ltr'><strong>totidem</strong></span> <span class='ocrx_word' id='word_1_859' title='bbox 1654 1328 1816 1364; x_wconf 82' lang='lat' dir='ltr'><strong>receptacula</strong></span> <span class='ocrx_word' id='word_1_860' title='bbox 1842 1328 1884 1355; x_wconf 81' lang='lat' dir='ltr'><strong>lia-</strong></span> 
     </span>
     <span class='ocr_line' id='line_1_90' title="bbox 1047 1367 1884 1409; baseline 0.005 -15"><span class='ocrx_word' id='word_1_861' title='bbox 1047 1368 1109 1394; x_wconf 86' lang='lat' dir='ltr'><strong>bere</strong></span> <span class='ocrx_word' id='word_1_862' title='bbox 1131 1373 1251 1405; x_wconf 84' lang='lat' dir='ltr'><strong>possunt.</strong></span> <span class='ocrx_word' id='word_1_863' title='bbox 1276 1367 1305 1395; x_wconf 89' lang='lat' dir='ltr'><strong>fr.</strong></span> <span class='ocrx_word' id='word_1_864' title='bbox 1329 1369 1371 1395; x_wconf 87' lang='lat'><strong>36.</strong></span> <span class='ocrx_word' id='word_1_865' title='bbox 1397 1368 1428 1395; x_wconf 90' lang='lat' dir='ltr'><strong>de</strong></span> <span class='ocrx_word' id='word_1_866' title='bbox 1451 1369 1530 1396; x_wconf 84' lang='lat' dir='ltr'><strong>solut.</strong></span> <span class='ocrx_word' id='word_1_867' title='bbox 1555 1371 1595 1397; x_wconf 87' lang='lat'><strong>46.</strong></span> <span class='ocrx_word' id='word_1_868' title='bbox 1620 1372 1644 1397; x_wconf 90' lang='lat'><strong>3.</strong></span> <span class='ocrx_word' id='word_1_869' title='bbox 1682 1371 1756 1406; x_wconf 83' lang='lat' dir='ltr'><strong>Quae</strong></span> <span class='ocrx_word' id='word_1_870' title='bbox 1781 1381 1884 1409; x_wconf 79' lang='lat' dir='ltr'><strong>semper</strong></span> 
     </span>
     <span class='ocr_line' id='line_1_91' title="bbox 1047 1410 1883 1451; baseline 0.005 -14"><span class='ocrx_word' id='word_1_871' title='bbox 1047 1415 1164 1437; x_wconf 86' lang='lat' dir='ltr'><strong>mortuos</strong></span> <span class='ocrx_word' id='word_1_872' title='bbox 1182 1412 1265 1448; x_wconf 84' lang='lat' dir='ltr'><strong>parit,</strong></span> <span class='ocrx_word' id='word_1_873' title='bbox 1286 1427 1316 1432; x_wconf 93' lang='lat'><strong>-—-</strong></span> <span class='ocrx_word' id='word_1_874' title='bbox 1346 1410 1437 1438; x_wconf 85' lang='lat' dir='ltr'><strong>vulvae</strong></span> <span class='ocrx_word' id='word_1_875' title='bbox 1465 1413 1537 1439; x_wconf 88' lang='lat' dir='ltr'><strong>vitio.</strong></span> <span class='ocrx_word' id='word_1_876' title='bbox 1566 1412 1597 1439; x_wconf 84' lang='lat' dir='ltr'><strong>fr.</strong></span> <span class='ocrx_word' id='word_1_877' title='bbox 1618 1414 1657 1439; x_wconf 95' lang='lat'><strong>14.</strong></span> <span class='ocrx_word' id='word_1_878' title='bbox 1677 1423 1716 1451; x_wconf 89' lang='lat' dir='ltr'><strong>pr.</strong></span> <span class='ocrx_word' id='word_1_879' title='bbox 1746 1413 1778 1440; x_wconf 85' lang='lat' dir='ltr'><strong>de</strong></span> <span class='ocrx_word' id='word_1_880' title='bbox 1797 1414 1883 1441; x_wconf 86' lang='lat' dir='ltr'><strong>Aedil.</strong></span> 
     </span>
     <span class='ocr_line' id='line_1_92' title="bbox 1047 1453 1228 1480; baseline 0 0"><span class='ocrx_word' id='word_1_881' title='bbox 1047 1453 1124 1480; x_wconf 86' lang='lat' dir='ltr'><strong>edict.</strong></span> <span class='ocrx_word' id='word_1_882' title='bbox 1143 1456 1184 1480; x_wconf 85' lang='lat'><strong>21.</strong></span> <span class='ocrx_word' id='word_1_883' title='bbox 1206 1456 1228 1480; x_wconf 97' lang='grc'><strong>1.</strong></span> 
     </span>
    </p>
   </div>
   <div class='ocr_carea' id='block_1_16' title="bbox 1045 1504 1884 1928">
    <p class='ocr_par' dir='ltr' id='par_1_17' title="bbox 1045 1504 1884 1928">
     <span class='ocr_line' id='line_1_93' title="bbox 1080 1504 1884 1539; baseline 0.005 -9"><span class='ocrx_word' id='word_1_884' title='bbox 1080 1506 1191 1532; x_wconf 80' lang='lat' dir='ltr'><strong>onr.</strong></span> <span class='ocrx_word' id='word_1_885' title='bbox 1228 1504 1258 1538; x_wconf 67' lang='grc' dir='ltr'><strong>ἓ.</strong></span> <span class='ocrx_word' id='word_1_886' title='bbox 1278 1505 1313 1530; x_wconf 91' lang='lat'><strong>1.</strong></span> <span class='ocrx_word' id='word_1_887' title='bbox 1342 1505 1475 1536; x_wconf 86' lang='lat' dir='ltr'><strong>Mulier,</strong></span> <span class='ocrx_word' id='word_1_888' title='bbox 1500 1515 1579 1539; x_wconf 82' lang='lat' dir='ltr'><strong>quae</strong></span> <span class='ocrx_word' id='word_1_889' title='bbox 1604 1507 1692 1532; x_wconf 70' lang='lat' dir='ltr'><strong>iusto</strong></span> <span class='ocrx_word' id='word_1_890' title='bbox 1716 1509 1884 1534; x_wconf 79' lang='lat' dir='ltr'><strong>matrimo-</strong></span> 
     </span>
     <span class='ocr_line' id='line_1_94' title="bbox 1046 1547 1883 1585; baseline 0.004 -12"><span class='ocrx_word' id='word_1_891' title='bbox 1046 1549 1098 1573; x_wconf 79' lang='lat' dir='ltr'><strong>nio</strong></span> <span class='ocrx_word' id='word_1_892' title='bbox 1127 1550 1280 1581; x_wconf 75' lang='lat' dir='ltr'><strong>copulata</strong></span> <span class='ocrx_word' id='word_1_893' title='bbox 1308 1553 1354 1573; x_wconf 79' lang='lat' dir='ltr'><strong>est</strong></span> <span class='ocrx_word' id='word_1_894' title='bbox 1383 1549 1460 1574; x_wconf 77' lang='lat' dir='ltr'><strong>viro.</strong></span> <span class='ocrx_word' id='word_1_895' title='bbox 1498 1547 1515 1573; x_wconf 96' lang='lat'><strong>1.</strong></span> <span class='ocrx_word' id='word_1_896' title='bbox 1536 1549 1597 1582; x_wconf 75' lang='lat' dir='ltr'><strong>Sy.</strong></span> <span class='ocrx_word' id='word_1_897' title='bbox 1626 1547 1721 1585; x_wconf 86' lang='lat' dir='ltr'><strong>Nupta.</strong></span> <span class='ocrx_word' id='word_1_898' title='bbox 1746 1549 1787 1576; x_wconf 88' lang='lat' dir='ltr'><strong>Cf.</strong></span> <span class='ocrx_word' id='word_1_899' title='bbox 1812 1549 1836 1576; x_wconf 91' lang='lat' dir='ltr'><strong>h.</strong></span> <span class='ocrx_word' id='word_1_900' title='bbox 1860 1560 1883 1576; x_wconf 90' lang='lat' dir='ltr'><strong>v.</strong></span> 
     </span>
     <span class='ocr_line' id='line_1_95' title="bbox 1048 1589 1884 1622; baseline 0.004 -6"><span class='ocrx_word' id='word_1_901' title='bbox 1048 1590 1161 1616; x_wconf 82' lang='lat' dir='ltr'><strong>Coniux.</strong></span> <span class='ocrx_word' id='word_1_902' title='bbox 1181 1589 1222 1616; x_wconf 89' lang='lat' dir='ltr'><strong>Cf.</strong></span> <span class='ocrx_word' id='word_1_903' title='bbox 1242 1589 1266 1616; x_wconf 79' lang='grc'><strong>1).</strong></span> <span class='ocrx_word' id='word_1_904' title='bbox 1286 1600 1309 1616; x_wconf 86' lang='lat' dir='ltr'><strong>v.</strong></span> <span class='ocrx_word' id='word_1_905' title='bbox 1329 1590 1368 1616; x_wconf 82' lang='lat' dir='ltr'><strong>Ex</strong></span> <span class='ocrx_word' id='word_1_906' title='bbox 1388 1600 1428 1616; x_wconf 88' lang='lat' dir='ltr'><strong>me</strong></span> <span class='ocrx_word' id='word_1_907' title='bbox 1447 1595 1473 1616; x_wconf 72' lang='lat' dir='ltr'><strong>et</strong></span> <span class='ocrx_word' id='word_1_908' title='bbox 1491 1600 1573 1616; x_wconf 76' lang='lat' dir='ltr'><strong>uxore</strong></span> <span class='ocrx_word' id='word_1_909' title='bbox 1591 1601 1660 1622; x_wconf 70' lang='lat' dir='ltr'><strong>mea.</strong></span> <span class='ocrx_word' id='word_1_910' title='bbox 1684 1591 1723 1618; x_wconf 88' lang='lat' dir='ltr'><strong>Ex</strong></span> <span class='ocrx_word' id='word_1_911' title='bbox 1742 1592 1819 1618; x_wconf 90' lang='lat' dir='ltr'><strong>iustis</strong></span> <span class='ocrx_word' id='word_1_912' title='bbox 1839 1602 1884 1618; x_wconf 88' lang='lat' dir='ltr'><strong>nu-</strong></span> 
     </span>
     <span class='ocr_line' id='line_1_96' title="bbox 1046 1632 1883 1671; baseline 0.002 -12"><span class='ocrx_word' id='word_1_913' title='bbox 1046 1634 1110 1670; x_wconf 92' lang='lat' dir='ltr'><strong>ptiis</strong></span> <span class='ocrx_word' id='word_1_914' title='bbox 1134 1633 1236 1666; x_wconf 80' lang='lat' dir='ltr'><strong>(nasci,</strong></span> <span class='ocrx_word' id='word_1_915' title='bbox 1255 1642 1276 1659; x_wconf 90' lang='lat' dir='ltr'><strong>s.</strong></span> <span class='ocrx_word' id='word_1_916' title='bbox 1296 1634 1452 1670; x_wconf 87' lang='lat' dir='ltr'><strong>procreari.)</strong></span> <span class='ocrx_word' id='word_1_917' title='bbox 1477 1632 1507 1659; x_wconf 87' lang='lat' dir='ltr'><strong>fr.</strong></span> <span class='ocrx_word' id='word_1_918' title='bbox 1526 1634 1550 1659; x_wconf 91' lang='lat'><strong>3.</strong></span> <span class='ocrx_word' id='word_1_919' title='bbox 1571 1643 1610 1669; x_wconf 86' lang='lat' dir='ltr'><strong>sq.</strong></span> <span class='ocrx_word' id='word_1_920' title='bbox 1636 1633 1664 1660; x_wconf 88' lang='lat' dir='ltr'><strong>fr.</strong></span> <span class='ocrx_word' id='word_1_921' title='bbox 1685 1635 1708 1660; x_wconf 93' lang='lat'><strong>6.</strong></span> <span class='ocrx_word' id='word_1_922' title='bbox 1735 1634 1766 1660; x_wconf 80' lang='lat' dir='ltr'><strong>de</strong></span> <span class='ocrx_word' id='word_1_923' title='bbox 1786 1634 1810 1661; x_wconf 89' lang='lat' dir='ltr'><strong>h.</strong></span> <span class='ocrx_word' id='word_1_924' title='bbox 1839 1636 1883 1671; x_wconf 84' lang='lat' dir='ltr'><strong>qui</strong></span> 
     </span>
     <span class='ocr_line' id='line_1_97' title="bbox 1047 1675 1883 1704; baseline 0.002 -2"><span class='ocrx_word' id='word_1_925' title='bbox 1047 1677 1094 1702; x_wconf 87' lang='lat' dir='ltr'><strong>sui.</strong></span> <span class='ocrx_word' id='word_1_926' title='bbox 1121 1677 1143 1702; x_wconf 96' lang='lat' dir='ltr'><strong>l.</strong></span> <span class='ocrx_word' id='word_1_927' title='bbox 1163 1677 1186 1702; x_wconf 89' lang='lat'><strong>6.</strong></span> <span class='ocrx_word' id='word_1_928' title='bbox 1223 1675 1338 1702; x_wconf 80' lang='lat' dir='ltr'><strong>onrem</strong></span> <span class='ocrx_word' id='word_1_929' title='bbox 1366 1675 1469 1702; x_wconf 86' lang='lat' dir='ltr'><strong>ducere.</strong></span> <span class='ocrx_word' id='word_1_930' title='bbox 1500 1675 1692 1702; x_wconf 80' lang='lat' dir='ltr'><strong>Matrimonium</strong></span> <span class='ocrx_word' id='word_1_931' title='bbox 1721 1677 1883 1704; x_wconf 84' lang='lat' dir='ltr'><strong>contrahere.</strong></span> 
     </span>
     <span class='ocr_line' id='line_1_98' title="bbox 1046 1718 1882 1757; baseline 0.002 -12"><span class='ocrx_word' id='word_1_932' title='bbox 1046 1718 1106 1756; x_wconf 88' lang='lat' dir='ltr'><strong>le.</strong></span> <span class='ocrx_word' id='word_1_933' title='bbox 1127 1718 1158 1745; x_wconf 91' lang='lat' dir='ltr'><strong>V.</strong></span> <span class='ocrx_word' id='word_1_934' title='bbox 1178 1720 1202 1745; x_wconf 84' lang='lat'><strong>6.</strong></span> <span class='ocrx_word' id='word_1_935' title='bbox 1222 1728 1261 1755; x_wconf 82' lang='lat' dir='ltr'><strong>sq.</strong></span> <span class='ocrx_word' id='word_1_936' title='bbox 1280 1718 1349 1745; x_wconf 81' lang='lat' dir='ltr'><strong>XIII.</strong></span> <span class='ocrx_word' id='word_1_937' title='bbox 1364 1721 1386 1746; x_wconf 96' lang='lat'><strong>1.</strong></span> <span class='ocrx_word' id='word_1_938' title='bbox 1401 1729 1439 1755; x_wconf 83' lang='lat' dir='ltr'><strong>sq.</strong></span> <span class='ocrx_word' id='word_1_939' title='bbox 1460 1718 1514 1745; x_wconf 90' lang='lat' dir='ltr'><strong>Gai.</strong></span> <span class='ocrx_word' id='word_1_940' title='bbox 1529 1719 1546 1745; x_wconf 92' lang='grc' dir='ltr'><strong>Ι.</strong></span> <span class='ocrx_word' id='word_1_941' title='bbox 1560 1720 1601 1746; x_wconf 85' lang='lat'><strong>59.</strong></span> <span class='ocrx_word' id='word_1_942' title='bbox 1638 1719 1669 1746; x_wconf 92' lang='lat' dir='ltr'><strong>II.</strong></span> <span class='ocrx_word' id='word_1_943' title='bbox 1684 1721 1750 1753; x_wconf 74' lang='lat' dir='ltr'><strong>Op.</strong></span> <span class='ocrx_word' id='word_1_944' title='bbox 1770 1720 1882 1757; x_wconf 78' lang='lat' dir='ltr'><strong>Sponsa.</strong></span> 
     </span>
     <span class='ocr_line' id='line_1_99' title="bbox 1047 1760 1882 1799; baseline 0 -10"><span class='ocrx_word' id='word_1_945' title='bbox 1047 1761 1088 1789; x_wconf 85' lang='lat' dir='ltr'><strong>Cf.</strong></span> <span class='ocrx_word' id='word_1_946' title='bbox 1111 1771 1133 1787; x_wconf 91' lang='lat' dir='ltr'><strong>v.</strong></span> <span class='ocrx_word' id='word_1_947' title='bbox 1158 1760 1287 1799; x_wconf 84' lang='lat' dir='ltr'><strong>SponsuS.</strong></span> <span class='ocrx_word' id='word_1_948' title='bbox 1318 1761 1433 1788; x_wconf 79' lang='lat' dir='ltr'><strong>Maritus.</strong></span> <span class='ocrx_word' id='word_1_949' title='bbox 1460 1761 1501 1788; x_wconf 83' lang='lat' dir='ltr'><strong>Cf.</strong></span> <span class='ocrx_word' id='word_1_950' title='bbox 1527 1761 1551 1788; x_wconf 87' lang='lat' dir='ltr'><strong>h.</strong></span> <span class='ocrx_word' id='word_1_951' title='bbox 1575 1772 1600 1789; x_wconf 88' lang='lat' dir='ltr'><strong>v.</strong></span> <span class='ocrx_word' id='word_1_952' title='bbox 1636 1761 1678 1788; x_wconf 88' lang='lat' dir='ltr'><strong>Ill.</strong></span> <span class='ocrx_word' id='word_1_953' title='bbox 1704 1764 1770 1790; x_wconf 80' lang='lat' dir='ltr'><strong>Cn.</strong></span> <span class='ocrx_word' id='word_1_954' title='bbox 1800 1763 1882 1798; x_wconf 76' lang='lat' dir='ltr'><strong>Quae,</strong></span> 
     </span>
     <span class='ocr_line' id='line_1_100' title="bbox 1046 1803 1881 1841; baseline 0.002 -11"><span class='ocrx_word' id='word_1_955' title='bbox 1046 1805 1136 1830; x_wconf 83' lang='lat' dir='ltr'><strong>uxoris</strong></span> <span class='ocrx_word' id='word_1_956' title='bbox 1158 1803 1230 1836; x_wconf 86' lang='lat' dir='ltr'><strong>loco,</strong></span> <span class='ocrx_word' id='word_1_957' title='bbox 1255 1805 1311 1830; x_wconf 87' lang='lat' dir='ltr'><strong>sine</strong></span> <span class='ocrx_word' id='word_1_958' title='bbox 1335 1805 1433 1841; x_wconf 87' lang='lat' dir='ltr'><strong>nuptiis</strong></span> <span class='ocrx_word' id='word_1_959' title='bbox 1457 1806 1482 1831; x_wconf 91' lang='lat' dir='ltr'><strong>in</strong></span> <span class='ocrx_word' id='word_1_960' title='bbox 1507 1804 1584 1831; x_wconf 86' lang='lat' dir='ltr'><strong>domo</strong></span> <span class='ocrx_word' id='word_1_961' title='bbox 1603 1806 1645 1832; x_wconf 86' lang='lat' dir='ltr'><strong>sit.</strong></span> <span class='ocrx_word' id='word_1_962' title='bbox 1670 1805 1700 1832; x_wconf 85' lang='lat' dir='ltr'><strong>fr.</strong></span> <span class='ocrx_word' id='word_1_963' title='bbox 1722 1807 1779 1832; x_wconf 89' lang='lat'><strong>144.</strong></span> <span class='ocrx_word' id='word_1_964' title='bbox 1799 1805 1831 1832; x_wconf 83' lang='lat' dir='ltr'><strong>de</strong></span> <span class='ocrx_word' id='word_1_965' title='bbox 1850 1805 1881 1833; x_wconf 88' lang='lat' dir='ltr'><strong>V.</strong></span> 
     </span>
     <span class='ocr_line' id='line_1_101' title="bbox 1046 1846 1880 1880; baseline 0.002 -7"><span class='ocrx_word' id='word_1_966' title='bbox 1046 1846 1073 1873; x_wconf 91' lang='lat' dir='ltr'><strong>S.</strong></span> <span class='ocrx_word' id='word_1_967' title='bbox 1092 1850 1133 1873; x_wconf 83' lang='lat'><strong>50.</strong></span> <span class='ocrx_word' id='word_1_968' title='bbox 1155 1849 1194 1873; x_wconf 90' lang='lat'><strong>16.</strong></span> <span class='ocrx_word' id='word_1_969' title='bbox 1214 1846 1247 1874; x_wconf 86' lang='lat' dir='ltr'><strong>cf.</strong></span> <span class='ocrx_word' id='word_1_970' title='bbox 1266 1847 1296 1873; x_wconf 75' lang='lat' dir='ltr'><strong>l&#39;r.</strong></span> <span class='ocrx_word' id='word_1_971' title='bbox 1317 1849 1356 1874; x_wconf 84' lang='lat'><strong>13.</strong></span> <span class='ocrx_word' id='word_1_972' title='bbox 1381 1847 1402 1880; x_wconf 56' lang='grc' dir='ltr'><strong>ᾗ,</strong></span> <span class='ocrx_word' id='word_1_973' title='bbox 1422 1849 1445 1873; x_wconf 89' lang='lat'><strong>4.</strong></span> <span class='ocrx_word' id='word_1_974' title='bbox 1471 1847 1503 1874; x_wconf 81' lang='lat' dir='ltr'><strong>ad</strong></span> <span class='ocrx_word' id='word_1_975' title='bbox 1522 1847 1550 1874; x_wconf 86' lang='lat' dir='ltr'><strong>L.</strong></span> <span class='ocrx_word' id='word_1_976' title='bbox 1571 1847 1618 1875; x_wconf 87' lang='lat' dir='ltr'><strong>lul.</strong></span> <span class='ocrx_word' id='word_1_977' title='bbox 1642 1848 1674 1875; x_wconf 88' lang='lat' dir='ltr'><strong>de</strong></span> <span class='ocrx_word' id='word_1_978' title='bbox 1697 1848 1777 1875; x_wconf 82' lang='lat' dir='ltr'><strong>adult.</strong></span> <span class='ocrx_word' id='word_1_979' title='bbox 1797 1850 1838 1875; x_wconf 68' lang='lat'><strong>45.</strong></span> <span class='ocrx_word' id='word_1_980' title='bbox 1858 1851 1880 1874; x_wconf 80' lang='lat'><strong>5.</strong></span> 
     </span>
     <span class='ocr_line' id='line_1_102' title="bbox 1045 1889 1880 1928; baseline 0.001 -12"><span class='ocrx_word' id='word_1_981' title='bbox 1045 1889 1221 1922; x_wconf 85' lang='lat' dir='ltr'><strong>Connubiurn,</strong></span> <span class='ocrx_word' id='word_1_982' title='bbox 1241 1895 1282 1916; x_wconf 83' lang='lat' dir='ltr'><strong>est</strong></span> <span class='ocrx_word' id='word_1_983' title='bbox 1300 1891 1389 1917; x_wconf 80' lang='lat' dir='ltr'><strong>uxoris</strong></span> <span class='ocrx_word' id='word_1_984' title='bbox 1408 1891 1463 1916; x_wconf 90' lang='lat' dir='ltr'><strong>iure</strong></span> <span class='ocrx_word' id='word_1_985' title='bbox 1482 1890 1617 1917; x_wconf 80' lang='lat' dir='ltr'><strong>ducendae</strong></span> <span class='ocrx_word' id='word_1_986' title='bbox 1633 1890 1751 1918; x_wconf 80' lang='lat' dir='ltr'><strong>facultas.</strong></span> <span class='ocrx_word' id='word_1_987' title='bbox 1771 1891 1829 1928; x_wconf 89' lang='lat' dir='ltr'><strong>le.</strong></span> <span class='ocrx_word' id='word_1_988' title='bbox 1850 1891 1880 1917; x_wconf 90' lang='lat' dir='ltr'><strong>V.</strong></span> 
     </span>
    </p>
   </div>
   <div class='ocr_carea' id='block_1_17' title="bbox 1044 1932 1881 1970">
    <p class='ocr_par' dir='ltr' id='par_1_18' title="bbox 1044 1932 1881 1970">
     <span class='ocr_line' id='line_1_103' title="bbox 1044 1932 1881 1970; baseline 0.002 -12"><span class='ocrx_word' id='word_1_989' title='bbox 1044 1934 1068 1959; x_wconf 90' lang='lat'><strong>3.</strong></span> <span class='ocrx_word' id='word_1_990' title='bbox 1105 1932 1135 1959; x_wconf 87' lang='lat' dir='ltr'><strong>Si</strong></span> <span class='ocrx_word' id='word_1_991' title='bbox 1154 1934 1195 1960; x_wconf 92' lang='lat' dir='ltr'><strong>cui</strong></span> <span class='ocrx_word' id='word_1_992' title='bbox 1216 1949 1245 1953; x_wconf 97' lang='lat'><strong>—</strong></span> <span class='ocrx_word' id='word_1_993' title='bbox 1267 1943 1333 1960; x_wconf 80' lang='lat' dir='ltr'><strong>uxor</strong></span> <span class='ocrx_word' id='word_1_994' title='bbox 1358 1934 1382 1959; x_wconf 86' lang='lat' dir='ltr'><strong>in</strong></span> <span class='ocrx_word' id='word_1_995' title='bbox 1402 1943 1504 1959; x_wconf 75' lang='lat' dir='ltr'><strong>manum</strong></span> <span class='ocrx_word' id='word_1_996' title='bbox 1529 1935 1679 1965; x_wconf 80' lang='lat' dir='ltr'><strong>conveniat,</strong></span> <span class='ocrx_word' id='word_1_997' title='bbox 1704 1933 1745 1960; x_wconf 89' lang='lat' dir='ltr'><strong>vel</strong></span> <span class='ocrx_word' id='word_1_998' title='bbox 1771 1943 1836 1970; x_wconf 76' lang='lat' dir='ltr'><strong>quae</strong></span> <span class='ocrx_word' id='word_1_999' title='bbox 1855 1934 1881 1960; x_wconf 90' lang='lat' dir='ltr'><strong>in</strong></span> 
     </span>
    </p>
   </div>
   <div class='ocr_carea' id='block_1_18' title="bbox 1043 1974 1880 2355">
    <p class='ocr_par' dir='ltr' id='par_1_19' title="bbox 1043 1974 1880 2355">
     <span class='ocr_line' id='line_1_104' title="bbox 1044 1974 1879 2007; baseline 0.001 -6"><span class='ocrx_word' id='word_1_1000' title='bbox 1044 1985 1120 2002; x_wconf 93' lang='lat' dir='ltr'><strong>manu</strong></span> <span class='ocrx_word' id='word_1_1001' title='bbox 1140 1974 1194 2007; x_wconf 85' lang='lat' dir='ltr'><strong>fuit,</strong></span> <span class='ocrx_word' id='word_1_1002' title='bbox 1213 1975 1300 2002; x_wconf 88' lang='lat' dir='ltr'><strong>nubat.</strong></span> <span class='ocrx_word' id='word_1_1003' title='bbox 1321 1975 1378 2002; x_wconf 87' lang='lat' dir='ltr'><strong>Gai.</strong></span> <span class='ocrx_word' id='word_1_1004' title='bbox 1397 1975 1426 2002; x_wconf 95' lang='lat' dir='ltr'><strong>ll.</strong></span> <span class='ocrx_word' id='word_1_1005' title='bbox 1449 1977 1504 2003; x_wconf 85' lang='lat'><strong>139.</strong></span> <span class='ocrx_word' id='word_1_1006' title='bbox 1524 1978 1581 2003; x_wconf 86' lang='lat'><strong>159.</strong></span> <span class='ocrx_word' id='word_1_1007' title='bbox 1601 1977 1632 2003; x_wconf 87' lang='lat' dir='ltr'><strong>cf.</strong></span> <span class='ocrx_word' id='word_1_1008' title='bbox 1651 1978 1691 2003; x_wconf 77' lang='lat'><strong>98.</strong></span> <span class='ocrx_word' id='word_1_1009' title='bbox 1711 1976 1753 2002; x_wconf 92' lang='grc'><strong>111.</strong></span> <span class='ocrx_word' id='word_1_1010' title='bbox 1767 1978 1808 2002; x_wconf 82' lang='grc'><strong>40.</strong></span> <span class='ocrx_word' id='word_1_1011' title='bbox 1824 1978 1879 2003; x_wconf 89' lang='grc'><strong>199.</strong></span> 
     </span>
     <span class='ocr_line' id='line_1_105' title="bbox 1043 2018 1879 2055; baseline 0.001 -11"><span class='ocrx_word' id='word_1_1012' title='bbox 1043 2020 1102 2045; x_wconf 87' lang='grc'><strong>221.</strong></span> <span class='ocrx_word' id='word_1_1013' title='bbox 1123 2018 1183 2055; x_wconf 90' lang='lat' dir='ltr'><strong>le.</strong></span> <span class='ocrx_word' id='word_1_1014' title='bbox 1202 2018 1285 2044; x_wconf 80' lang='lat' dir='ltr'><strong>XXII.</strong></span> <span class='ocrx_word' id='word_1_1015' title='bbox 1307 2020 1347 2045; x_wconf 87' lang='lat'><strong>14.</strong></span> <span class='ocrx_word' id='word_1_1016' title='bbox 1365 2019 1462 2045; x_wconf 82' lang='lat' dir='ltr'><strong>XXIX.</strong></span> <span class='ocrx_word' id='word_1_1017' title='bbox 1484 2021 1505 2046; x_wconf 96' lang='lat'><strong>1.</strong></span> <span class='ocrx_word' id='word_1_1018' title='bbox 1543 2019 1657 2046; x_wconf 83' lang='lat' dir='ltr'><strong>onrem</strong></span> <span class='ocrx_word' id='word_1_1019' title='bbox 1677 2019 1780 2050; x_wconf 76' lang='lat' dir='ltr'><strong>ducere,</strong></span> <span class='ocrx_word' id='word_1_1020' title='bbox 1800 2023 1879 2045; x_wconf 80' lang='lat' dir='ltr'><strong>testa-</strong></span> 
     </span>
     <span class='ocr_line' id='line_1_106' title="bbox 1045 2061 1879 2099; baseline 0 -12"><span class='ocrx_word' id='word_1_1021' title='bbox 1045 2062 1116 2087; x_wconf 84' lang='lat' dir='ltr'><strong>tione</strong></span> <span class='ocrx_word' id='word_1_1022' title='bbox 1135 2062 1302 2098; x_wconf 78' lang='lat' dir='ltr'><strong>interposita,</strong></span> <span class='ocrx_word' id='word_1_1023' title='bbox 1326 2061 1396 2097; x_wconf 80' lang='lat' dir='ltr'><strong>quod</strong></span> <span class='ocrx_word' id='word_1_1024' title='bbox 1415 2062 1556 2088; x_wconf 85' lang='lat' dir='ltr'><strong>liberorum</strong></span> <span class='ocrx_word' id='word_1_1025' title='bbox 1576 2062 1783 2099; x_wconf 73' lang='lat' dir='ltr'><strong>quaerendorum</strong></span> <span class='ocrx_word' id='word_1_1026' title='bbox 1803 2072 1879 2088; x_wconf 80' lang='lat' dir='ltr'><strong>causa</strong></span> 
     </span>
     <span class='ocr_line' id='line_1_107' title="bbox 1045 2103 1879 2142; baseline 0 -12"><span class='ocrx_word' id='word_1_1027' title='bbox 1045 2114 1152 2130; x_wconf 78' lang='lat' dir='ltr'><strong>uxorem</strong></span> <span class='ocrx_word' id='word_1_1028' title='bbox 1172 2103 1283 2130; x_wconf 74' lang='lat' dir='ltr'><strong>duxerit.</strong></span> <span class='ocrx_word' id='word_1_1029' title='bbox 1303 2104 1339 2130; x_wconf 87' lang='lat' dir='ltr'><strong>ld.</strong></span> <span class='ocrx_word' id='word_1_1030' title='bbox 1359 2104 1400 2131; x_wconf 95' lang='grc'><strong>111.</strong></span> <span class='ocrx_word' id='word_1_1031' title='bbox 1420 2106 1444 2131; x_wconf 88' lang='lat'><strong>3.</strong></span> <span class='ocrx_word' id='word_1_1032' title='bbox 1465 2106 1520 2131; x_wconf 81' lang='lat' dir='ltr'><strong>Gai.</strong></span> <span class='ocrx_word' id='word_1_1033' title='bbox 1541 2105 1558 2131; x_wconf 93' lang='grc'><strong>1.</strong></span> <span class='ocrx_word' id='word_1_1034' title='bbox 1572 2107 1612 2131; x_wconf 80' lang='lat'><strong>29.</strong></span> <span class='ocrx_word' id='word_1_1035' title='bbox 1633 2105 1664 2131; x_wconf 84' lang='lat' dir='ltr'><strong>cf.</strong></span> <span class='ocrx_word' id='word_1_1036' title='bbox 1686 2115 1705 2131; x_wconf 90' lang='lat' dir='ltr'><strong>c.</strong></span> <span class='ocrx_word' id='word_1_1037' title='bbox 1719 2106 1742 2130; x_wconf 89' lang='lat'><strong>9.</strong></span> <span class='ocrx_word' id='word_1_1038' title='bbox 1762 2104 1793 2130; x_wconf 86' lang='lat' dir='ltr'><strong>de</strong></span> <span class='ocrx_word' id='word_1_1039' title='bbox 1807 2110 1879 2142; x_wconf 90' lang='lat' dir='ltr'><strong>nupt.</strong></span> 
     </span>
     <span class='ocr_line' id='line_1_108' title="bbox 1045 2146 1879 2180; baseline 0.001 -7"><span class='ocrx_word' id='word_1_1040' title='bbox 1045 2148 1068 2173; x_wconf 93' lang='lat'><strong>5.</strong></span> <span class='ocrx_word' id='word_1_1041' title='bbox 1088 2149 1111 2173; x_wconf 90' lang='lat'><strong>4.</strong></span> <span class='ocrx_word' id='word_1_1042' title='bbox 1132 2146 1161 2173; x_wconf 79' lang='lat' dir='ltr'><strong>fr.</strong></span> <span class='ocrx_word' id='word_1_1043' title='bbox 1180 2149 1239 2173; x_wconf 87' lang='grc'><strong>220.</strong></span> <span class='ocrx_word' id='word_1_1044' title='bbox 1263 2147 1284 2180; x_wconf 64' lang='grc' dir='ltr'><strong>ξ</strong></span> <span class='ocrx_word' id='word_1_1045' title='bbox 1303 2148 1327 2173; x_wconf 88' lang='grc'><strong>3.</strong></span> <span class='ocrx_word' id='word_1_1046' title='bbox 1348 2147 1380 2173; x_wconf 80' lang='lat' dir='ltr'><strong>(le</strong></span> <span class='ocrx_word' id='word_1_1047' title='bbox 1400 2146 1430 2173; x_wconf 88' lang='lat' dir='ltr'><strong>V.</strong></span> <span class='ocrx_word' id='word_1_1048' title='bbox 1450 2147 1476 2173; x_wconf 90' lang='lat' dir='ltr'><strong>S.</strong></span> <span class='ocrx_word' id='word_1_1049' title='bbox 1501 2150 1542 2174; x_wconf 83' lang='grc'><strong>50.</strong></span> <span class='ocrx_word' id='word_1_1050' title='bbox 1563 2149 1602 2174; x_wconf 88' lang='lat'><strong>16.</strong></span> <span class='ocrx_word' id='word_1_1051' title='bbox 1640 2147 1777 2174; x_wconf 79' lang='lat' dir='ltr'><strong>Probatam</strong></span> <span class='ocrx_word' id='word_1_1052' title='bbox 1796 2158 1809 2173; x_wconf 85' lang='lat' dir='ltr'><strong>a</strong></span> <span class='ocrx_word' id='word_1_1053' title='bbox 1828 2158 1879 2174; x_wconf 85' lang='lat' dir='ltr'><strong>ma-</strong></span> 
     </span>
     <span class='ocr_line' id='line_1_109' title="bbox 1045 2190 1880 2226; baseline 0.001 -11"><span class='ocrx_word' id='word_1_1054' title='bbox 1045 2191 1095 2215; x_wconf 90' lang='lat' dir='ltr'><strong>rito</strong></span> <span class='ocrx_word' id='word_1_1055' title='bbox 1119 2199 1241 2222; x_wconf 77' lang='lat' dir='ltr'><strong>uxorem,</strong></span> <span class='ocrx_word' id='word_1_1056' title='bbox 1270 2195 1295 2216; x_wconf 86' lang='lat' dir='ltr'><strong>et</strong></span> <span class='ocrx_word' id='word_1_1057' title='bbox 1322 2191 1460 2226; x_wconf 78' lang='lat' dir='ltr'><strong>quiescens</strong></span> <span class='ocrx_word' id='word_1_1058' title='bbox 1488 2191 1678 2216; x_wconf 81' lang='lat' dir='ltr'><strong>matrimonium</strong></span> <span class='ocrx_word' id='word_1_1059' title='bbox 1705 2191 1773 2223; x_wconf 88' lang='lat' dir='ltr'><strong>(non</strong></span> <span class='ocrx_word' id='word_1_1060' title='bbox 1801 2190 1880 2216; x_wconf 89' lang='lat' dir='ltr'><strong>debet</strong></span> 
     </span>
     <span class='ocr_line' id='line_1_110' title="bbox 1045 2232 1878 2268; baseline 0.001 -10"><span class='ocrx_word' id='word_1_1061' title='bbox 1045 2232 1111 2258; x_wconf 89' lang='lat' dir='ltr'><strong>alins</strong></span> <span class='ocrx_word' id='word_1_1062' title='bbox 1136 2233 1267 2264; x_wconf 78' lang='lat' dir='ltr'><strong>turbare.)</strong></span> <span class='ocrx_word' id='word_1_1063' title='bbox 1294 2232 1323 2258; x_wconf 84' lang='lat' dir='ltr'><strong>fr.</strong></span> <span class='ocrx_word' id='word_1_1064' title='bbox 1342 2233 1383 2258; x_wconf 89' lang='lat'><strong>26.</strong></span> <span class='ocrx_word' id='word_1_1065' title='bbox 1404 2242 1440 2268; x_wconf 88' lang='lat' dir='ltr'><strong>pr.</strong></span> <span class='ocrx_word' id='word_1_1066' title='bbox 1466 2232 1496 2258; x_wconf 71' lang='lat' dir='ltr'><strong>ml</strong></span> <span class='ocrx_word' id='word_1_1067' title='bbox 1516 2232 1545 2259; x_wconf 88' lang='lat' dir='ltr'><strong>L.</strong></span> <span class='ocrx_word' id='word_1_1068' title='bbox 1564 2233 1610 2259; x_wconf 89' lang='lat' dir='ltr'><strong>lul.</strong></span> <span class='ocrx_word' id='word_1_1069' title='bbox 1635 2232 1667 2259; x_wconf 87' lang='lat' dir='ltr'><strong>de</strong></span> <span class='ocrx_word' id='word_1_1070' title='bbox 1691 2232 1770 2259; x_wconf 72' lang='lat' dir='ltr'><strong>adult.</strong></span> <span class='ocrx_word' id='word_1_1071' title='bbox 1795 2234 1835 2259; x_wconf 80' lang='lat'><strong>48.</strong></span> <span class='ocrx_word' id='word_1_1072' title='bbox 1854 2235 1878 2259; x_wconf 88' lang='lat'><strong>5.</strong></span> 
     </span>
     <span class='ocr_line' id='line_1_111' title="bbox 1045 2274 1880 2307; baseline 0.002 -7"><span class='ocrx_word' id='word_1_1073' title='bbox 1045 2274 1093 2301; x_wconf 77' lang='lat' dir='ltr'><strong>Vir</strong></span> <span class='ocrx_word' id='word_1_1074' title='bbox 1112 2280 1137 2302; x_wconf 83' lang='lat' dir='ltr'><strong>et</strong></span> <span class='ocrx_word' id='word_1_1075' title='bbox 1156 2286 1221 2302; x_wconf 76' lang='lat' dir='ltr'><strong>uxor</strong></span> <span class='ocrx_word' id='word_1_1076' title='bbox 1240 2276 1308 2301; x_wconf 82' lang='lat' dir='ltr'><strong>inter</strong></span> <span class='ocrx_word' id='word_1_1077' title='bbox 1326 2284 1362 2305; x_wconf 75' lang='lat' dir='ltr'><strong>se,</strong></span> <span class='ocrx_word' id='word_1_1078' title='bbox 1381 2276 1537 2301; x_wconf 76' lang='lat' dir='ltr'><strong>matrimonii</strong></span> <span class='ocrx_word' id='word_1_1079' title='bbox 1557 2276 1673 2307; x_wconf 69' lang='lat' dir='ltr'><strong>nominc.</strong></span> <span class='ocrx_word' id='word_1_1080' title='bbox 1697 2275 1821 2302; x_wconf 80' lang='lat' dir='ltr'><strong>decimam</strong></span> <span class='ocrx_word' id='word_1_1081' title='bbox 1841 2286 1880 2302; x_wconf 82' lang='lat' dir='ltr'><strong>ca-</strong></span> 
     </span>
     <span class='ocr_line' id='line_1_112' title="bbox 1045 2316 1880 2355; baseline 0.001 -12"><span class='ocrx_word' id='word_1_1082' title='bbox 1045 2329 1107 2355; x_wconf 86' lang='lat' dir='ltr'><strong>pere</strong></span> <span class='ocrx_word' id='word_1_1083' title='bbox 1130 2322 1249 2354; x_wconf 79' lang='lat' dir='ltr'><strong>possunt.</strong></span> <span class='ocrx_word' id='word_1_1084' title='bbox 1274 2316 1333 2354; x_wconf 75' lang='lat' dir='ltr'><strong>le.</strong></span> <span class='ocrx_word' id='word_1_1085' title='bbox 1358 2317 1415 2343; x_wconf 75' lang='lat' dir='ltr'><strong>XV.</strong></span> <span class='ocrx_word' id='word_1_1086' title='bbox 1442 2319 1462 2344; x_wconf 97' lang='lat' dir='ltr'><strong>l.</strong></span> <span class='ocrx_word' id='word_1_1087' title='bbox 1487 2317 1555 2343; x_wconf 80' lang='lat' dir='ltr'><strong>XVI.</strong></span> <span class='ocrx_word' id='word_1_1088' title='bbox 1578 2319 1598 2343; x_wconf 93' lang='lat'><strong>1.</strong></span> <span class='ocrx_word' id='word_1_1089' title='bbox 1619 2327 1657 2353; x_wconf 83' lang='lat' dir='ltr'><strong>sq.</strong></span> <span class='ocrx_word' id='word_1_1090' title='bbox 1696 2317 1814 2344; x_wconf 77' lang='lat' dir='ltr'><strong>Intestati</strong></span> <span class='ocrx_word' id='word_1_1091' title='bbox 1838 2318 1880 2344; x_wconf 80' lang='lat' dir='ltr'><strong>da-</strong></span> 
     </span>
    </p>
   </div>
   <div class='ocr_carea' id='block_1_19' title="bbox 1021 2360 1880 2387">
    <p class='ocr_par' dir='ltr' id='par_1_20' title="bbox 1021 2360 1880 2387">
     <span class='ocr_line' id='line_1_113' title="bbox 1021 2360 1880 2387; baseline 0 0"><span class='ocrx_word' id='word_1_1092' title='bbox 1021 2379 1022 2382; x_wconf 33' lang='lat'><em>*</em></span> <span class='ocrx_word' id='word_1_1093' title='bbox 1045 2366 1086 2387; x_wconf 82' lang='lat' dir='ltr'><strong>tur</strong></span> <span class='ocrx_word' id='word_1_1094' title='bbox 1110 2361 1139 2386; x_wconf 77' lang='lat' dir='ltr'><strong>B.</strong></span> <span class='ocrx_word' id='word_1_1095' title='bbox 1160 2360 1187 2386; x_wconf 87' lang='lat' dir='ltr'><strong>P.</strong></span> <span class='ocrx_word' id='word_1_1096' title='bbox 1212 2376 1243 2379; x_wconf 85' lang='lat'><strong>—</strong></span> <span class='ocrx_word' id='word_1_1097' title='bbox 1267 2364 1355 2386; x_wconf 74' lang='lat' dir='ltr'><strong>sexto:</strong></span> <span class='ocrx_word' id='word_1_1098' title='bbox 1379 2361 1446 2387; x_wconf 64' lang='lat' dir='ltr'><strong>xiro.</strong></span> <span class='ocrx_word' id='word_1_1099' title='bbox 1471 2361 1553 2387; x_wconf 75' lang='lat' dir='ltr'><strong>uxori.</strong></span> <span class='ocrx_word' id='word_1_1100' title='bbox 1578 2360 1614 2386; x_wconf 87' lang='lat' dir='ltr'><strong>ld.</strong></span> <span class='ocrx_word' id='word_1_1101' title='bbox 1634 2360 1754 2387; x_wconf 82' lang='lat' dir='ltr'><strong>XXVIII.</strong></span> <span class='ocrx_word' id='word_1_1102' title='bbox 1774 2363 1796 2387; x_wconf 88' lang='lat'><strong>7.</strong></span> <span class='ocrx_word' id='word_1_1103' title='bbox 1834 2361 1880 2387; x_wconf 90' lang='lat' dir='ltr'><strong>Di-</strong></span> 
     </span>
    </p>
   </div>
   <div class='ocr_carea' id='block_1_20' title="bbox 1043 2402 1878 2697">
    <p class='ocr_par' dir='ltr' id='par_1_21' title="bbox 1043 2402 1878 2697">
     <span class='ocr_line' id='line_1_114' title="bbox 1044 2402 1878 2437; baseline 0.001 -8"><span class='ocrx_word' id='word_1_1104' title='bbox 1044 2405 1156 2429; x_wconf 72' lang='lat' dir='ltr'><strong>voi-tium</strong></span> <span class='ocrx_word' id='word_1_1105' title='bbox 1180 2404 1248 2429; x_wconf 85' lang='lat' dir='ltr'><strong>inter</strong></span> <span class='ocrx_word' id='word_1_1106' title='bbox 1272 2403 1354 2428; x_wconf 88' lang='lat' dir='ltr'><strong>virum</strong></span> <span class='ocrx_word' id='word_1_1107' title='bbox 1379 2407 1404 2428; x_wconf 84' lang='lat' dir='ltr'><strong>et</strong></span> <span class='ocrx_word' id='word_1_1108' title='bbox 1427 2413 1543 2429; x_wconf 69' lang='lat' dir='ltr'><strong>uxorem.</strong></span> <span class='ocrx_word' id='word_1_1109' title='bbox 1566 2402 1596 2428; x_wconf 81' lang='lat' dir='ltr'><strong>fr.</strong></span> <span class='ocrx_word' id='word_1_1110' title='bbox 1618 2404 1674 2429; x_wconf 88' lang='grc'><strong>101.</strong></span> <span class='ocrx_word' id='word_1_1111' title='bbox 1700 2403 1722 2437; x_wconf 82' lang='lat'>§</span> <span class='ocrx_word' id='word_1_1112' title='bbox 1743 2405 1764 2429; x_wconf 94' lang='lat' dir='ltr'><strong>l.</strong></span> <span class='ocrx_word' id='word_1_1113' title='bbox 1789 2403 1821 2429; x_wconf 88' lang='grc'><strong>(18</strong></span> <span class='ocrx_word' id='word_1_1114' title='bbox 1846 2403 1878 2430; x_wconf 90' lang='lat' dir='ltr'><strong>V.</strong></span> 
     </span>
     <span class='ocr_line' id='line_1_115' title="bbox 1045 2444 1878 2482; baseline 0.002 -10"><span class='ocrx_word' id='word_1_1115' title='bbox 1045 2445 1071 2472; x_wconf 93' lang='lat' dir='ltr'><strong>S.</strong></span> <span class='ocrx_word' id='word_1_1116' title='bbox 1091 2448 1133 2472; x_wconf 82' lang='lat'><strong>50.</strong></span> <span class='ocrx_word' id='word_1_1117' title='bbox 1154 2447 1192 2471; x_wconf 88' lang='lat'><strong>16.</strong></span> <span class='ocrx_word' id='word_1_1118' title='bbox 1213 2445 1267 2477; x_wconf 84' lang='lat' dir='ltr'><strong>(Cf.</strong></span> <span class='ocrx_word' id='word_1_1119' title='bbox 1282 2455 1305 2471; x_wconf 90' lang='lat' dir='ltr'><strong>v.</strong></span> <span class='ocrx_word' id='word_1_1120' title='bbox 1324 2444 1374 2471; x_wconf 85' lang='lat' dir='ltr'><strong>Vir.</strong></span> <span class='ocrx_word' id='word_1_1121' title='bbox 1394 2445 1415 2478; x_wconf 87' lang='lat'><strong>§.</strong></span> <span class='ocrx_word' id='word_1_1122' title='bbox 1429 2446 1466 2477; x_wconf 77' lang='lat'><strong>3.)</strong></span> <span class='ocrx_word' id='word_1_1123' title='bbox 1503 2445 1594 2481; x_wconf 66' lang='lat' dir='ltr'><strong>Neque</strong></span> <span class='ocrx_word' id='word_1_1124' title='bbox 1613 2446 1672 2475; x_wconf 83' lang='lat' dir='ltr'><strong>sihi.</strong></span> <span class='ocrx_word' id='word_1_1125' title='bbox 1692 2456 1775 2482; x_wconf 84' lang='lat' dir='ltr'><strong>neque</strong></span> <span class='ocrx_word' id='word_1_1126' title='bbox 1794 2448 1878 2479; x_wconf 81' lang='lat' dir='ltr'><strong>uxori,</strong></span> 
     </span>
     <span class='ocr_line' id='line_1_116' title="bbox 1044 2487 1878 2525; baseline 0.004 -12"><span class='ocrx_word' id='word_1_1127' title='bbox 1044 2498 1128 2525; x_wconf 82' lang='lat' dir='ltr'><strong>neque</strong></span> <span class='ocrx_word' id='word_1_1128' title='bbox 1147 2487 1237 2514; x_wconf 81' lang='lat' dir='ltr'><strong>liberis</strong></span> <span class='ocrx_word' id='word_1_1129' title='bbox 1262 2488 1333 2519; x_wconf 82' lang='lat' dir='ltr'><strong>suis,</strong></span> <span class='ocrx_word' id='word_1_1130' title='bbox 1357 2498 1441 2524; x_wconf 77' lang='lat' dir='ltr'><strong>neque</strong></span> <span class='ocrx_word' id='word_1_1131' title='bbox 1465 2488 1567 2514; x_wconf 78' lang='lat' dir='ltr'><strong>libertis</strong></span> <span class='ocrx_word' id='word_1_1132' title='bbox 1591 2489 1648 2519; x_wconf 86' lang='lat' dir='ltr'><strong>(ius</strong></span> <span class='ocrx_word' id='word_1_1133' title='bbox 1668 2490 1755 2515; x_wconf 81' lang='lat' dir='ltr'><strong>dicere</strong></span> <span class='ocrx_word' id='word_1_1134' title='bbox 1774 2489 1878 2521; x_wconf 79' lang='lat' dir='ltr'><strong>debet.)</strong></span> 
     </span>
     <span class='ocr_line' id='line_1_117' title="bbox 1043 2530 1877 2566; baseline 0.004 -10"><span class='ocrx_word' id='word_1_1135' title='bbox 1043 2530 1073 2557; x_wconf 90' lang='lat' dir='ltr'><strong>fr.</strong></span> <span class='ocrx_word' id='word_1_1136' title='bbox 1095 2532 1134 2556; x_wconf 90' lang='grc'><strong>10.</strong></span> <span class='ocrx_word' id='word_1_1137' title='bbox 1159 2530 1191 2556; x_wconf 90' lang='lat' dir='ltr'><strong>de</strong></span> <span class='ocrx_word' id='word_1_1138' title='bbox 1210 2530 1300 2557; x_wconf 86' lang='lat' dir='ltr'><strong>iurisd.</strong></span> <span class='ocrx_word' id='word_1_1139' title='bbox 1325 2533 1348 2557; x_wconf 90' lang='lat'><strong>2.</strong></span> <span class='ocrx_word' id='word_1_1140' title='bbox 1370 2533 1392 2557; x_wconf 92' lang='lat'><strong>1.</strong></span> <span class='ocrx_word' id='word_1_1141' title='bbox 1413 2545 1444 2549; x_wconf 90' lang='lat'><strong>—-</strong></span> <span class='ocrx_word' id='word_1_1142' title='bbox 1475 2531 1505 2563; x_wconf 82' lang='lat'><strong>§·</strong></span> <span class='ocrx_word' id='word_1_1143' title='bbox 1526 2532 1561 2557; x_wconf 83' lang='grc'><strong>2.</strong></span> <span class='ocrx_word' id='word_1_1144' title='bbox 1589 2532 1718 2563; x_wconf 79' lang='lat' dir='ltr'><strong>Mulier,</strong></span> <span class='ocrx_word' id='word_1_1145' title='bbox 1745 2542 1823 2566; x_wconf 78' lang='lat' dir='ltr'><strong>quae</strong></span> <span class='ocrx_word' id='word_1_1146' title='bbox 1846 2535 1877 2559; x_wconf 84' lang='lat' dir='ltr'><strong>in</strong></span> 
     </span>
     <span class='ocr_line' id='line_1_118' title="bbox 1043 2572 1876 2608; baseline 0.002 -9"><span class='ocrx_word' id='word_1_1147' title='bbox 1043 2575 1251 2600; x_wconf 81' lang='lat' dir='ltr'><strong>contubernio</strong></span> <span class='ocrx_word' id='word_1_1148' title='bbox 1281 2574 1371 2600; x_wconf 78' lang='lat' dir='ltr'><strong>vivit.</strong></span> <span class='ocrx_word' id='word_1_1149' title='bbox 1418 2572 1457 2599; x_wconf 93' lang='grc'><strong>111.</strong></span> <span class='ocrx_word' id='word_1_1150' title='bbox 1485 2574 1550 2600; x_wconf 69' lang='lat'><strong>(711.</strong></span> <span class='ocrx_word' id='word_1_1151' title='bbox 1581 2573 1634 2608; x_wconf 81' lang='lat' dir='ltr'><strong>Qui</strong></span> <span class='ocrx_word' id='word_1_1152' title='bbox 1665 2590 1696 2593; x_wconf 97' lang='lat'><strong>—</strong></span> <span class='ocrx_word' id='word_1_1153' title='bbox 1727 2574 1876 2601; x_wconf 85' lang='lat' dir='ltr'><strong>ancillarum</strong></span> 
     </span>
     <span class='ocr_line' id='line_1_119' title="bbox 1044 2616 1874 2651; baseline 0 -9"><span class='ocrx_word' id='word_1_1154' title='bbox 1044 2617 1197 2648; x_wconf 74' lang='lat' dir='ltr'><strong>consortiis,</strong></span> <span class='ocrx_word' id='word_1_1155' title='bbox 1219 2632 1248 2636; x_wconf 89' lang='lat'><strong>—-</strong></span> <span class='ocrx_word' id='word_1_1156' title='bbox 1274 2620 1324 2641; x_wconf 79' lang='lat' dir='ltr'><strong>tam</strong></span> <span class='ocrx_word' id='word_1_1157' title='bbox 1348 2616 1397 2651; x_wconf 83' lang='lat' dir='ltr'><strong>ipsi</strong></span> <span class='ocrx_word' id='word_1_1158' title='bbox 1423 2625 1497 2651; x_wconf 78' lang='lat' dir='ltr'><strong>quam</strong></span> <span class='ocrx_word' id='word_1_1159' title='bbox 1521 2626 1616 2642; x_wconf 76' lang='lat' dir='ltr'><strong>uxores</strong></span> <span class='ocrx_word' id='word_1_1160' title='bbox 1636 2626 1724 2643; x_wconf 83' lang='lat' dir='ltr'><strong>eorum</strong></span> <span class='ocrx_word' id='word_1_1161' title='bbox 1744 2622 1792 2644; x_wconf 88' lang='lat' dir='ltr'><strong>etc.</strong></span> <span class='ocrx_word' id='word_1_1162' title='bbox 1812 2627 1831 2643; x_wconf 94' lang='lat' dir='ltr'><strong>c.</strong></span> <span class='ocrx_word' id='word_1_1163' title='bbox 1851 2619 1874 2642; x_wconf 73' lang='grc' dir='ltr'><strong>ὅ.</strong></span> 
     </span>
     <span class='ocr_line' id='line_1_120' title="bbox 1043 2657 1874 2697; baseline 0.001 -13"><span class='ocrx_word' id='word_1_1164' title='bbox 1043 2659 1074 2685; x_wconf 84' lang='grc'><strong>(18</strong></span> <span class='ocrx_word' id='word_1_1165' title='bbox 1102 2668 1167 2684; x_wconf 84' lang='lat' dir='ltr'><strong>serv.</strong></span> <span class='ocrx_word' id='word_1_1166' title='bbox 1196 2658 1268 2694; x_wconf 74' lang='lat' dir='ltr'><strong>fugit.</strong></span> <span class='ocrx_word' id='word_1_1167' title='bbox 1293 2659 1316 2684; x_wconf 86' lang='lat'><strong>6.</strong></span> <span class='ocrx_word' id='word_1_1168' title='bbox 1339 2660 1360 2684; x_wconf 95' lang='lat'><strong>1.</strong></span> <span class='ocrx_word' id='word_1_1169' title='bbox 1398 2657 1500 2684; x_wconf 73' lang='lat' dir='ltr'><strong>onres</strong></span> <span class='ocrx_word' id='word_1_1170' title='bbox 1528 2669 1630 2691; x_wconf 80' lang='lat' dir='ltr'><strong>eorum,</strong></span> <span class='ocrx_word' id='word_1_1171' title='bbox 1657 2661 1700 2696; x_wconf 89' lang='lat' dir='ltr'><strong>qui</strong></span> <span class='ocrx_word' id='word_1_1172' title='bbox 1728 2663 1874 2697; x_wconf 83' lang='lat' dir='ltr'><strong>operantur.</strong></span> 
     </span>
    </p>
   </div>
   <div class='ocr_carea' id='block_1_21' title="bbox 1042 2701 1396 2734">
    <p class='ocr_par' dir='ltr' id='par_1_22' title="bbox 1042 2701 1396 2734">
     <span class='ocr_line' id='line_1_121' title="bbox 1042 2701 1396 2734; baseline -0.003 -7"><span class='ocrx_word' id='word_1_1173' title='bbox 1042 2701 1114 2728; x_wconf 70' lang='lat' dir='ltr'><strong>Paul.</strong></span> <span class='ocrx_word' id='word_1_1174' title='bbox 1134 2701 1175 2727; x_wconf 83' lang='lat'><strong>111.</strong></span> <span class='ocrx_word' id='word_1_1175' title='bbox 1195 2702 1218 2727; x_wconf 82' lang='lat'><strong>6.</strong></span> <span class='ocrx_word' id='word_1_1176' title='bbox 1239 2701 1275 2734; x_wconf 44' lang='lat' dir='ltr'><strong>§.z</strong></span> <span class='ocrx_word' id='word_1_1177' title='bbox 1295 2701 1336 2726; x_wconf 74' lang='lat'><strong>38.</strong></span> <span class='ocrx_word' id='word_1_1178' title='bbox 1356 2702 1396 2726; x_wconf 65' lang='grc' dir='ltr'><strong>(ο.</strong></span> 
     </span>
    </p>
   </div>
   <div class='ocr_carea' id='block_1_22' title="bbox 1043 2754 1872 2866">
    <p class='ocr_par' dir='ltr' id='par_1_23' title="bbox 1043 2754 1872 2866">
     <span class='ocr_line' id='line_1_122' title="bbox 1076 2754 1872 2791; baseline 0.001 -9"><span class='ocrx_word' id='word_1_1179' title='bbox 1076 2756 1247 2782; x_wconf 73' lang='lat' dir='ltr'><strong>onrius.</strong></span> <span class='ocrx_word' id='word_1_1180' title='bbox 1277 2754 1414 2787; x_wconf 73' lang='lat' dir='ltr'><strong>(Adiect.)</strong></span> <span class='ocrx_word' id='word_1_1181' title='bbox 1442 2755 1472 2787; x_wconf 62' lang='grc' dir='ltr'><strong>ξ.</strong></span> <span class='ocrx_word' id='word_1_1182' title='bbox 1493 2756 1526 2781; x_wconf 85' lang='lat' dir='ltr'><strong>l·</strong></span> <span class='ocrx_word' id='word_1_1183' title='bbox 1551 2758 1598 2783; x_wconf 53' lang='grc' dir='ltr'><strong>,(1ιί</strong></span> <span class='ocrx_word' id='word_1_1184' title='bbox 1611 2766 1776 2791; x_wconf 78' lang='lat' dir='ltr'><strong>personam</strong></span> <span class='ocrx_word' id='word_1_1185' title='bbox 1796 2766 1872 2783; x_wconf 78' lang='lat' dir='ltr'><strong>uxo-</strong></span> 
     </span>
     <span class='ocr_line' id='line_1_123' title="bbox 1043 2797 1872 2835; baseline -0.001 -10"><span class='ocrx_word' id='word_1_1186' title='bbox 1043 2801 1087 2825; x_wconf 80' lang='lat' dir='ltr'><strong>ris</strong></span> <span class='ocrx_word' id='word_1_1187' title='bbox 1107 2804 1259 2832; x_wconf 76' lang='lat' dir='ltr'><strong>spectans.</strong></span> <span class='ocrx_word' id='word_1_1188' title='bbox 1297 2797 1338 2823; x_wconf 94' lang='lat' dir='ltr'><strong>Ill.</strong></span> <span class='ocrx_word' id='word_1_1189' title='bbox 1356 2799 1420 2825; x_wconf 71' lang='lat' dir='ltr'><strong>Cn.</strong></span> <span class='ocrx_word' id='word_1_1190' title='bbox 1440 2797 1571 2835; x_wconf 87' lang='lat' dir='ltr'><strong>Capitatio</strong></span> <span class='ocrx_word' id='word_1_1191' title='bbox 1590 2801 1686 2826; x_wconf 79' lang='lat' dir='ltr'><strong>uxoria.</strong></span> <span class='ocrx_word' id='word_1_1192' title='bbox 1706 2798 1754 2825; x_wconf 88' lang='lat' dir='ltr'><strong>Th.</strong></span> <span class='ocrx_word' id='word_1_1193' title='bbox 1774 2798 1804 2825; x_wconf 91' lang='lat' dir='ltr'><strong>C.</strong></span> <span class='ocrx_word' id='word_1_1194' title='bbox 1820 2798 1872 2825; x_wconf 90' lang='lat' dir='ltr'><strong>Vll.</strong></span> 
     </span>
     <span class='ocr_line' id='line_1_124' title="bbox 1362 2841 1433 2866; baseline 0.014 -1"><span class='ocrx_word' id='word_1_1195' title='bbox 1362 2841 1433 2866; x_wconf 71' lang='lat'><strong>129*</strong></span> 
     </span>
    </p>
   </div>
  </div>
 </body>
</html>
