2197 3121
904 155 1001 187 ΜΟΕ
1026 174 1065 180 -
1090 155 1195 187 MOL.

182 240 288 268 Modum
307 239 452 276 legatorum
472 239 611 265 constituit
629 237 707 271 (lex.)
728 237 758 263 fr.
772 239 794 263 1.
813 247 853 274 pr.
867 237 899 264 ad
912 237 942 263 L.
953 237 1023 264 Falc.

181 285 222 310 35.
242 285 266 309 2.
303 282 373 319 Lege
393 282 470 309 Furia
490 281 555 309 Can.
575 285 662 308 certus
687 280 780 307 modus
804 281 964 306 constitutus
984 285 1025 307 est

182 327 208 353 in
227 326 312 352 servis
332 330 489 352 testamento
509 323 729 351 manumittendis.
754 322 811 349 Gai.
830 322 848 349 I.
868 325 909 349 42.
931 322 962 349 cf.
982 324 1023 348 40.

182 368 269 405 Supra
288 368 402 399 modum,
422 373 448 395 et
466 369 523 394 sine
543 377 628 398 causa,
648 367 686 399 (in
706 375 798 392 servos
818 375 881 392 suos
901 366 1023 398 saevire.)

182 411 219 438 111.
240 410 258 437 1.
278 413 319 437 53.
357 410 476 442 Praeter,
501 420 521 436 s.
542 409 630 441 Vltra,
650 409 763 435 modum.
789 408 820 434 sr.
840 410 862 434 l.
888 409 970 441 311.
992 408 1024 434 de

182 453 268 481 Aedil.
289 453 366 480 edict.
380 456 421 480 21.
444 455 464 479 l.
485 452 515 479 Γ1.
532 455 556 478 2
577 453 598 486 3
615 454 654 478 10.
674 451 706 477 dc
725 462 790 488 aqua
809 456 835 477 et
853 461 912 487 aqu.
932 450 967 488 pl.
981 452 1023 477 39.

182 499 206 524 3.
235 496 278 523 Ad
297 496 410 532 aliquem
429 495 542 522 modum.
562 495 593 521 fr.
607 496 648 521 36.
663 505 702 532 pr.
722 494 754 520 de
767 493 845 520 iudic.
859 496 882 520 5.
899 495 920 520 1.
941 494 971 520 l'r.
984 495 1023 520 19.

183 540 205 574 3.
226 541 249 566 4.
270 539 303 566 de
321 538 407 565 Aedil.
428 537 503 564 edict.
518 539 561 564 21.
584 540 605 564 1.
643 537 685 564 Ad
704 547 779 563 suum
798 536 904 563 modum
924 538 1024 569 (curam

183 583 343 620 praestare.)
368 581 399 607 fr.
418 582 459 607 32.
484 580 576 617 depos.
602 582 641 607 16.
664 583 689 607 3.
714 595 744 599 —
774 581 805 613 §.
825 581 862 606 3.
892 582 1024 612 Forma,

183 628 290 652 Ratio.
328 624 370 650 III.
390 625 456 651 Cn.
482 623 569 660 Loqui
595 623 700 660 quidem
724 632 776 649 non
800 632 893 659 posse,
919 623 971 649 alio
991 628 1025 649 ta-

183 678 243 694 men
262 667 340 694 modo
361 677 437 703 quain
462 677 583 693 sermone
610 666 791 698 (manifestum
815 665 900 692 facere
919 666 1025 701 posse.)

184 711 215 738 Γ1.
229 712 270 738 29.
291 709 323 737 de.
343 709 430 746 adopt.
452 711 473 736 l.
495 711 517 735 7.
556 709 615 735 'Non
634 709 727 736 iisdem
746 708 840 741 modis,
861 709 956 745 quibus
977 714 1026 735 etc.

184 753 241 780 Gai.
261 752 303 779 111.
322 754 381 778 222.
420 752 470 778 Per
490 763 548 779 enin
569 752 682 783 modum,
701 753 746 788 qui
764 751 908 788 procedere
928 756 1025 789 potest,

184 795 281 829 (dare.)
302 795 332 821 fr.
347 797 388 822 43.
409 805 447 832 pr.
469 795 501 821 de
520 805 624 832 procur.
637 796 661 820 3.
674 796 697 821 3.
730 794 810 821 Nullo
830 805 920 821 eorum
938 794 1026 827 modo,

184 839 280 875 quibus
299 838 331 864 ad
351 837 429 864 alium
449 838 653 869 transferuntur,
678 837 704 864 id
728 837 833 864 efficere
851 848 939 874 posse.
969 838 1025 864 Gai.

182 881 214 908 11.
233 882 274 908 38.
313 881 440 917 Vtroque,
461 896 492 900 -
513 880 620 911 Neutro,
640 880 719 906 modo
738 882 860 917 (posse.)
880 880 940 918 le.
958 880 1026 907 VIII.

183 926 207 951 6.
227 925 271 951 811.
309 924 421 950 Duobus
443 923 527 949 {nodis
547 923 584 949 fit.
605 922 661 949 Gai.
681 923 699 949 I.
720 925 762 950 95.
793 923 816 949 V
835 923 921 950 modis
941 925 1027 956 (amit-

183 968 247 994 titur
267 966 377 998 ususl'r.)
397 966 469 992 Paul.
489 966 530 992 111.
551 967 574 992 6.
595 967 616 1000 3.
636 968 677 992 28.
716 966 752 996 ln.
773 977 793 993 S.
813 966 865 998 Ad,
886 967 955 993 hunc
973 977 1027 993 mo·

183 1009 245 1037 dum
265 1010 427 1047 (nuncupari
447 1009 512 1041 etc.)
541 1008 602 1046 le.
622 1009 681 1035 XX.
701 1010 725 1036 9.
753 1009 809 1036 Gai.
828 1009 872 1036 IV.
896 1011 935 1036 16.
971 1009 1027 1036 Hoc

183 1052 262 1079 modo
283 1054 414 1089 (accipere
433 1051 638 1084 fideiussorem.)
657 1052 688 1078 fr.
704 1054 743 1078 72.
764 1052 796 1078 de
815 1052 932 1079 fideiuss.
946 1054 988 1078 46.
1004 1054 1026 1078 1.

183 1094 262 1131 Legis
281 1095 368 1127 modo,
383 1110 414 1114 -
429 1094 565 1121 Precativo
584 1095 663 1121 modo
684 1095 832 1132 (relinqui.)
852 1095 913 1132 le.
929 1094 1027 1122 XXIV.

185 1140 207 1164 1.
246 1138 356 1165 Sinendi
378 1137 458 1165 modo
481 1138 575 1174 legare.
604 1138 641 1165 lb.
661 1140 684 1164 2.
705 1141 728 1165 5.
753 1138 770 1165 1.
795 1138 810 1164 l.
841 1138 897 1165 Gai.
917 1138 947 1164 II.
969 1140 1026 1165 192.

184 1180 336 1218 Scripturae
355 1180 458 1212 modus,
479 1182 523 1217 qui
543 1185 614 1207 certo
635 1181 687 1207 tine
703 1181 878 1208 concluditur.
898 1180 970 1207 Paul.
984 1181 1026 1208 III.

183 1225 207 1250 6.
226 1224 247 1257 3.
267 1225 308 1250 87.
328 1238 361 1242 -
382 1225 413 1257 §.
434 1226 474 1251 4.
504 1225 672 1256 Qualitas,
700 1226 887 1257 Quantitas.
925 1224 943 1250 Ι.
964 1225 1026 1258 Sy.

184 1265 261 1292 Vires
286 1266 490 1298 (facultatium.)
520 1266 550 1293 t'r.
574 1269 598 1292 2.
625 1267 706 1301 331.
732 1269 756 1294 3.
785 1267 829 1293 ubi
853 1278 915 1304 pup.
938 1269 980 1293 27.
1002 1269 1026 1293 2.

182 1309 340 1336 Aestimatio
361 1310 481 1342 (rerum.)
501 1308 531 1335 sr.
552 1311 575 1336 7.
594 1310 615 1343 3.
636 1312 659 1336 5.
681 1309 713 1336 de
732 1310 821 1336 donat.
840 1311 886 1336 int.
902 1309 932 1336 V.
946 1312 988 1336 ³³.—1.
1004 1311 1026 1336 1.

183 1351 305 1378 Mensura
325 1352 467 1385 (admissi.)
487 1352 517 1378 Γ1.
539 1354 578 1378 10.
598 1352 631 1378 de
650 1357 714 1379 extr.
735 1354 806 1379 crim.
820 1354 862 1379 47.
878 1355 918 1380 11.
938 1352 967 1379 fr.
985 1354 1027 1379 37.

183 1394 217 1421 de
235 1405 312 1432 poen.
332 1396 374 1422 48.
396 1397 436 1422 19.
474 1395 623 1430 Quantitas.
644 1395 673 1422 fr.
689 1397 711 1422 7.
732 1396 753 1430 3.
770 1398 809 1423 13.
829 1396 861 1422 de
881 1395 946 1423 S.C.
962 1395 1027 1422 Mac.

184 1439 224 1465 14.
245 1440 269 1465 6.
306 1438 349 1464 Ill.
364 1439 430 1466 Cn.
450 1437 493 1464 Ad
513 1438 618 1464 modum
634 1438 726 1475 culpae
740 1439 881 1471 (moderari
895 1438 1028 1475 poenam.)

184 1480 254 1508 Coll.
268 1481 322 1508 LL.
336 1481 369 1507 111.
390 1481 408 1507 Ι.
430 1482 470 1507 ll.
507 1480 558 1507 Pro
578 1481 656 1507 modo
676 1482 739 1513 litis,
758 1491 782 1508 v.
803 1481 901 1513 delicti,
921 1492 942 1508 5.
962 1481 1028 1508 frau-

183 1523 225 1551 dis
244 1529 293 1550 etc.
314 1523 378 1550 Paul
407 1523 438 1550 V.
459 1525 483 1550 4.
503 1524 525 1558 3.
545 1525 569 1550 8.
589 1523 621 1550 V.
641 1526 682 1550 25.
703 1525 725 1557 3.
747 1526 786 1550 13.
807 1524 838 1551 fr.
856 1527 877 1551 l.
897 1525 974 1558 3.10.
995 1524 1028 1550 de
1049 1541 1050 1546 .

184 1567 227 1594 off.
248 1566 300 1593 Prf.
321 1566 367 1593 Vr.
388 1569 410 1593 l.
433 1568 472 1593 12.
492 1567 522 1593 I'r.
538 1568 578 1593 78.
598 1567 619 1600 3.
636 1569 657 1592 l.
679 1566 710 1593 de.
730 1567 804 1603 legat.
819 1567 849 1594 ll.
869 1568 937 1600 (31.)
956 1567 988 1593 sr.
1006 1569 1026 1593 1.

183 1610 206 1643 3.
222 1612 260 1636 10.
281 1610 313 1636 ds·
333 1615 398 1636 extr.
420 1620 493 1645 cogn.
508 1612 549 1636 50.
566 1612 603 1636 13.
633 1609 774 1636 Actionum
788 1610 891 1637 modus.
910 1609 953 1636 vel
971 1609 1027 1645 lege

184 1652 226 1678 vel
244 1663 292 1689 per
311 1652 461 1679 Praetorem
480 1652 658 1684 introductus,
679 1654 841 1689 privatorum
860 1653 1027 1690 pactionibus

184 1704 237 1721 non
251 1696 403 1722 infirmatur.
424 1695 453 1722 sr.
464 1697 507 1722 27.
521 1695 554 1721 de
566 1694 596 1721 R.
613 1695 630 1722 1,
643 1697 685 1721 50.
701 1697 739 1721 17.
777 1696 818 1722 De
837 1695 916 1722 modo
936 1695 1027 1722 utendi

185 1738 304 1770 (cautio.)
324 1738 396 1765 Paul.
416 1738 459 1764 111.
479 1739 503 1764 6.
523 1739 544 1771 3.
564 1739 605 1764 27.
629 1754 661 1758 —
685 1739 716 1771 ξ.
737 1740 774 1765 5.
799 1742 1025 1773 Praeceptum,
1048 1760 1049 1773 ,

185 1790 243 1815 quo
278 1787 392 1808 auctor
422 1783 597 1815 proposito
627 1783 740 1812 illins,
772 1791 838 1807 cnm
868 1792 926 1816 qao
955 1792 1026 1808 eon-

185 1826 311 1853 traxit,
334 1830 453 1850 certam
472 1825 576 1859 finem
600 1825 817 1857 praescrihit,
847 1825 966 1855 (ratione
990 1825 1027 1850 rei

185 1867 278 1903 ipsius,
297 1865 338 1892 vel
358 1865 465 1892 alterius
485 1867 664 1902 cuiuscunque
678 1867 884 1903 praestationis.)
904 1867 947 1894 III.
960 1868 1027 1894 Cn.

184 1909 239 1935 Aut
258 1908 315 1935 dies
334 1910 360 1935 in
380 1908 421 1934 his
440 1913 481 1935 est
501 1910 549 1941 (sc.
570 1908 759 1944 obligationum
777 1910 885 1940 causis.)
906 1915 949 1936 aut
969 1920 1028 1936 cou-

186 1996 227 2020 44.
246 1996 269 2020 7.
291 2005 311 2020 c.
325 1997 348 2020 2.
369 1994 402 2020 de
422 1994 445 2020 11.
467 2004 509 2030 qu.
530 2004 551 2020 s.
570 1994 657 2020 modo.
671 1995 694 2020 6.
710 1996 750 2020 45.
788 1995 817 2021 si
837 2005 921 2031 neque
940 1995 1027 2026 modo,

187 2079 343 2112 differatur.)
368 2080 398 2106 fr.
418 2082 459 2107 29.
480 2080 512 2106 de
531 2080 607 2116 legat.
627 2079 645 2106 I.
666 2082 733 2113 (30.)
770 2080 830 2107 Nou
849 2081 881 2107 ad
901 2082 1028 2118 temporis

188 2132 304 2155 causam,
329 2123 377 2149 sed
396 2123 427 2149 ad
447 2123 552 2149 modum
572 2124 704 2160 pertinent
723 2124 779 2149 iure
798 2125 956 2150 constitutae
975 2134 1029 2150 ser-

188 2165 287 2192 vitutis.
307 2165 337 2192 sr.
357 2168 381 2192 4.
402 2167 423 2200 3.
443 2169 467 2192 2.
488 2166 519 2192 cf.
539 2166 570 2193 fr.
590 2169 613 2192 4.
634 2167 656 2199 3.
679 2168 699 2192 l.
720 2166 752 2193 dc
771 2168 860 2193 servit.
878 2171 902 2193 ὅ.
924 2169 946 2193 1.
975 2167 1029 2193 1110-
1050 2180 1051 2205 i

189 2207 250 2233 dum
273 2209 429 2235 commodati
455 2209 588 2245 finemque
616 2210 804 2246 praescribere.
833 2210 863 2236 sr.
889 2211 928 2236 17.
957 2210 979 2243 3.
1003 2212 1028 2236 3.
1050 2217 1051 2232 1

190 2249 317 2277 commod.
334 2253 373 2278 13.
393 2254 417 2278 6.
455 2252 560 2288 Quodsi
580 2253 621 2278 cui
641 2253 666 2278 in
685 2252 736 2278 hoc
755 2252 867 2288 legatum
887 2253 929 2283 sit,
951 2257 978 2279 ut
997 2263 1029 2279 ex

190 2304 220 2318 vu
240 2292 339 2328 aliquid
358 2294 466 2327 faceret,
487 2311 519 2314 —
538 2294 581 2321 vel
606 2305 637 2321 ex
661 2305 691 2321 eo
716 2300 744 2321 ut
767 2300 867 2332 partem
892 2295 935 2322 alii
954 2297 1029 2322 resti-

189 2340 283 2367 tueret,
303 2335 352 2361 sub
371 2337 447 2364 modo
460 2337 574 2374 legatum
588 2337 700 2364 videtur.
720 2338 750 2364 t'r.
766 2340 805 2364 17.
826 2338 848 2371 3.
861 2340 885 2364 4.
900 2338 933 2365 de
952 2338 1028 2365 cond.

190 2383 215 2403 et
234 2378 301 2404 dem.
320 2380 362 2404 35.
379 2379 400 2404 l.

224 2422 394 2447 Moecha·
432 2423 597 2450 Adultera.
633 2422 676 2449 111.
691 2424 757 2450 Cn.
777 2423 806 2449 Si
824 2423 967 2455 moecham,
987 2424 1029 2450 vel

190 2463 451 2494 medicamentariam,
465 2464 508 2490 vel
520 2465 723 2492 conciliatricem
734 2466 884 2503 (repudiare
894 2466 1029 2500 voluerit.)

191 2505 241 2532 Th.
262 2504 292 2531 C.
313 2505 355 2532 111.
377 2508 415 2532 16.
437 2516 457 2532 c.
479 2507 501 2532 1.
521 2506 553 2533 de
571 2508 663 2545 repud.

226 2549 390 2575 Moenia.
429 2549 460 2581 ξ.
480 2550 515 2575 l.
546 2551 648 2583 Mari,
677 2553 733 2586 qni
757 2554 859 2578 arbem
883 2553 1028 2587 cingant.

190 2591 210 2617 1.
228 2593 289 2625 Sy.
309 2590 453 2617 Pomoeria.
475 2591 523 2617 Τ11.
538 2591 569 2617 C.
588 2592 620 2618 X.
639 2594 663 2619 3.
683 2603 704 2620 c.
725 2595 748 2619 5.
768 2593 800 2620 dc
820 2594 868 2620 loc.
890 2594 961 2620 sund.
982 2596 1029 2621 iur.

192 2634 277 2671 emph.
315 2633 356 2659 Ill.
373 2635 438 2661 Gn.
458 2634 526 2670 Opis
547 2644 624 2660 causa
642 2637 742 2662 moenia
758 2638 907 2663 constituta.
929 2637 958 2663 sr.
970 2640 1029 2664 239.

191 2678 213 2710 3.
234 2678 256 2702 7.
277 2675 309 2702 dn·
329 2675 359 2702 V.
380 2675 407 2702 S.
428 2678 470 2703 50.
491 2679 530 2703 16.
567 2676 669 2703 Moenia
688 2683 807 2706 aeternae
826 2679 908 2706 urbis.
929 2679 978 2706 Τ11.
999 2680 1029 2706 C.

191 2719 236 2746 IX.
256 2720 298 2745 40.
319 2729 339 2745 c.
359 2721 401 2745 20.
421 2718 454 2745 de
466 2729 543 2756 poen.
558 2735 590 2738 —
611 2719 688 2751 §.2-
709 2722 837 2749 Civitas
858 2725 943 2757 ipsa,
963 2733 1029 2749 eum

192 2764 292 2789 muris
312 2768 340 2788 et
358 2763 540 2798 aedificiis.
568 2761 659 2795 [Sy.
680 2761 789 2790 Civitas.
809 2765 845 2791 lb.
859 2765 917 2792 XV.
932 2768 955 2791 5.
971 2776 991 2791 c.
1006 2769 1029 2791 δ.

193 2814 232 2840 sq.
258 2804 291 2831 de
315 2804 411 2831 haeret.
448 2804 559 2831 Domus.
586 2804 623 2830 lh.
644 2803 714 2831 XIV.
736 2807 775 2832 17.
799 2817 820 2832 c.
843 2809 867 2833 3.
893 2818 913 2834 c.
935 2810 974 2834 ll.
1000 2808 1031 2834 de

1849 160 1912 190 595

1069 248 1162 264 annon.
1182 238 1231 264 civ.
1268 237 1311 263 III.
1332 238 1397 265 Gn.
1418 237 1536 265 Publicis
1557 238 1709 270 moenibus,
1730 238 1772 265 vel
1791 241 1911 276 privatis,

1069 280 1180 313 (sociata
1199 279 1339 313 aedificia.)
1359 280 1396 307 lb.
1411 281 1469 308 XV.
1485 283 1506 308 1.
1527 291 1547 308 c.
1562 282 1604 307 39.
1625 281 1657 307 de
1677 292 1737 318 opp.
1752 282 1814 319 pub.
1840 283 1911 318 Quo-

1069 333 1125 350 rum
1144 334 1195 360 ope
1217 324 1377 349 incrementa
1397 325 1529 350 moenium
1549 334 1601 350 non
1625 325 1755 351 iuvantur.
1782 325 1820 351 111.
1840 326 1910 352 XIV.

1070 368 1109 392 17.
1133 377 1154 393 c.
1176 368 1215 392 ll.
1235 365 1252 392 l.
1273 365 1304 392 cf.
1324 365 1383 392 XV.
1405 368 1427 392 1.
1449 377 1470 393 c.
1492 369 1514 393 l.

1103 409 1361 436 Moenianum.
1400 408 1440 435 Cf.
1461 419 1484 435 v.
1504 409 1675 436 Maenianum.

1103 453 1265 479 Moeror.
1302 453 1432 478 Laetus.
1470 452 1513 478 111.
1535 454 1600 479 (7η.
1626 453 1757 490 Perpetuo
1783 455 1910 482 caelibatu

1069 494 1208 521 insolentis
1227 494 1333 520 divortii
1352 504 1463 531 poenam
1477 495 1535 527 (de)
1549 495 1701 522 solitudinis
1717 506 1836 523 moeror*-
1855 509 1911 525 sus-

1069 538 1157 563 tineat.
1184 536 1233 563 Th.
1254 537 1285 564 C.
1305 537 1346 564 111,
1369 538 1408 563 16.
1435 548 1456 563 c.
1475 539 1499 563 2.
1524 538 1589 571 3.1.
1614 539 1646 565 de.
1666 539 1758 576 repud.
1781 539 1822 566 Cf.
1843 540 1910 568 Νῦν.

1070 580 1159 606 Maior.
1181 580 1213 606 de
1232 581 1386 606 sanctimon.
1406 579 1449 606 IV.
1471 581 1494 606 6.
1515 590 1536 606 c.
1557 582 1578 606 1.
1598 582 1620 614 3.
1640 584 1663 607 5.

1106 623 1262 650 Moesia.
1300 624 1400 658 Regio
1421 624 1574 657 Europae
1599 626 1688 651 eirea
1709 626 1910 659 Danubium,

1065 668 1198 702 finibus
1217 667 1410 692 Pannoniae
1429 667 1547 692 vicina.
1581 665 1623 692 III.
1639 668 1704 694 (In.
1724 667 1912 697 Procuratores

1071 708 1237 735 metallorum
1262 709 1328 735 intra
1347 707 1538 739 Macedoniam,
1562 708 1668 735 Daciam
1688 710 1912 745 mediterraneam,

1071 751 1196 778 Moesiam
1215 751 1264 785 [al.
1284 751 1416 785 Misiam,]
1436 761 1484 778 seu
1502 751 1669 778 Dardaniam.
1689 762 1710 779 c.
1729 755 1753 780 4.
1773 754 1806 781 de
1824 756 1913 783 metal-

1071 794 1117 820 lar.
1134 796 1172 820 11.
1193 795 1216 820 6.

1106 838 1283 864 Moestus.
1303 836 1432 869 (Adiect.)
1461 838 1614 864 Moerens.
1650 837 1693 864 111.
1714 840 1780 866 Gn.
1799 841 1841 867 Ad
1860 841 1913 868 dis-

1072 879 1207 916 ponendas
1232 889 1274 905 res
1299 889 1372 911 suas,
1398 879 1649 917 componendosque
1667 886 1784 908 moestos
1802 889 1913 920 penates

1072 923 1198 959 (spatium
1217 922 1318 954 tribui.)
1340 922 1389 948 Th.
1405 922 1435 949 C.
1449 922 1493 949 IX.
1507 925 1532 948 2.
1553 932 1572 948 c.
1587 924 1612 949 3.
1632 922 1665 949 de
1678 924 1736 951 exh.
1751 935 1773 952 v.
1788 930 1895 954 transm.

1106 966 1218 992 Mola.
1265 966 1536 997 lustramentum,
1574 976 1632 1000 quo
1659 968 1833 1002 framenta
1867 973 1913 996 vel

1071 1011 1178 1035 olivae
1206 1014 1428 1035 conteruntur.
1466 1007 1508 1034 111.
1533 1009 1598 1036 Gn.
1628 1008 1712 1036 lllolae
1731 1010 1868 1044 olivariae.
1888 1019 1913 1039 et.

1071 1050 1197 1088 praelum.
1217 1050 1248 1077 fr.
1266 1052 1308 1076 21.
1329 1050 1361 1076 de
1381 1052 1455 1077 instr.
1476 1050 1523 1086 leg.
1543 1053 1584 1077 33.
1606 1053 1628 1077 7.
1648 1051 1720 1079 Paul.
1734 1053 1776 1080 III.
1791 1056 1814 1081 6.
1835 1056 1856 1089 3.
1870 1057 1911 1082 36.

1071 1093 1229 1125 Manuariae,
1249 1109 1280 1112 —-
1301 1094 1469 1120 iumentariae
1489 1093 1606 1127 (molae.)
1626 1094 1656 1121 l'r.
1670 1097 1710 1122 26.
1731 1097 1752 1129 3.
1770 1098 1790 1123 l.
1810 1097 1826 1123 1.
1840 1098 1857 1124 l.
1871 1100 1912 1125 33.

1072 1138 1095 1162 7.
1132 1136 1245 1163 Pistoris
1265 1137 1439 1162 instrumento
1459 1136 1552 1172 legato,
1573 1137 1666 1167 cribra.
1686 1140 1760 1170 asini,
1774 1140 1867 1173 molae,
1881 1157 1913 1161 ——

1071 1180 1133 1205 item
1153 1179 1300 1211 machinae,
1325 1179 1421 1215 quibus
1446 1179 1543 1206 farinae
1562 1180 1731 1216 subiguntur,
1752 1182 1854 1219 (legato
1874 1195 1913 1211 ce.

1072 1222 1162 1255 dunt.)
1193 1221 1265 1248 Paul.
1286 1221 1302 1248 1.
1322 1221 1338 1248 1.
1365 1222 1387 1255 3.
1407 1224 1446 1248 64.
1469 1222 1501 1248 cf.
1530 1222 1580 1249 Th.
1601 1223 1632 1249 C.
1651 1223 1722 1250 XIV.
1741 1227 1765 1251 3.
1793 1236 1813 1251 c.
1834 1228 1856 1253 7.
1882 1226 1914 1253 de

1072 1266 1164 1302 pistor.
1202 1264 1348 1291 Pensiones
1368 1275 1449 1301 aquae
1472 1265 1607 1292 molarum.
1636 1266 1672 1293 111.
1692 1267 1762 1294 XIV.
1784 1269 1823 1294 15.
1848 1279 1870 1295 c.
1889 1272 1912 1296 4.

1072 1318 1111 1345 pr.
1132 1307 1164 1334 do.
1184 1318 1238 1334 can.
1258 1308 1333 1334 frum.
1354 1308 1410 1334 urb.
1431 1308 1462 1335 R.

1106 1351 1379 1378 Molendarius.
1394 1351 1522 1385 (Adiect.)
1543 1354 1591 1378 Aa
1606 1355 1719 1379 molam
1738 1356 1915 1387 pertinens,

1075 1395 1344 1421 molendinarius.
1373 1394 1416 1420 III.
1432 1396 1498 1422 (1η.
1516 1395 1598 1421 Asina
1612 1395 1780 1428 molendaria,
1800 1401 1826 1423 et
1839 1397 1915 1426 mola.

1073 1436 1103 1463 fr.
1124 1439 1164 1463 1-3.
1185 1437 1206 1470 3.
1226 1439 1250 1462 2.
1270 1437 1303 1463 de
1322 1438 1397 1464 instr.
1417 1437 1466 1474 leg.
1481 1439 1523 1464 33.
1544 1439 1566 1464 7.
1604 1437 1671 1465 Meta
1691 1439 1850 1466 molendaria
1871 1440 1914 1474 [al.

1073 1479 1281 1513 molendinaria]
1303 1479 1331 1506 fr.
1354 1481 1392 1506 18.
1414 1481 1435 1514 3.
1455 1482 1479 1506 5.
1499 1480 1534 1506 ib.
1553 1482 1594 1506 33.
1616 1483 1638 1507 7.

1107 1524 1263 1550 Molere.
1286 1524 1372 1550 Mola
1392 1530 1502 1550 terere.
1532 1522 1653 1550 Iltcn.
1673 1523 1702 1550 Si
1721 1526 1828 1551 rusticis
1842 1525 1915 1552 fundi

1073 1566 1200 1603 operariis
1219 1564 1369 1592 moleretur.
1389 1565 1420 1592 sr.
1443 1568 1482 1592 18.
1502 1566 1524 1600 3.
1544 1569 1567 1591 5.
1588 1565 1605 1592 1.
1624 1568 1665 1592 33.
1687 1568 1709 1593 7.

1107 1610 1238 1635 Moles.
1271 1609 1302 1641 ξ.
1314 1610 1348 1635 l.
1370 1611 1515 1644 Aggeres
1534 1611 1681 1643 oppositi
1699 1611 1730 1635 vi
1749 1621 1914 1645 aquarum.

1072 1651 1112 1677 III.
1135 1653 1200 1679 Gn.
1224 1651 1309 1678 Moles
1333 1652 1359 1677 in
1383 1661 1466 1683 mare,
1486 1651 1527 1678 vel
1548 1651 1659 1683 flumen,
1679 1654 1820 1689 proiectae.
1841 1654 1871 1680 sr.
1892 1656 1914 1680 1.

1072 1695 1093 1728 3.
1113 1696 1137 1720 3.
1164 1694 1196 1720 de
1220 1695 1281 1731 imp.
1307 1695 1333 1720 in
1357 1704 1399 1720 res
1424 1693 1477 1720 dot.
1502 1696 1543 1720 25.
1566 1696 1588 1720 l.
1629 1694 1698 1721 Ante
1723 1696 1827 1723 domum
1852 1698 1915 1724 mari

1072 1738 1200 1768 iunctam,
1220 1736 1336 1763 molibus
1356 1737 1446 1767 iactis,
1466 1737 1548 1773 ripam
1568 1738 1713 1764 constituit.
1738 1738 1768 1764 i'r.
1787 1742 1828 1766 5‘2.
1849 1740 1862 1774 3
1890 1742 1907 1766 3

1048 1776 1049 1779 ¹
1073 1780 1105 1806 dc
1124 1780 1156 1806 A.
1176 1780 1206 1806 E.
1226 1778 1257 1805 V.
1279 1780 1319 1805 19.
1342 1781 1364 1805 l.
1385 1795 1417 1798 —
1437 1780 1468 1813 §0
1481 1780 1516 1805 2.
1537 1781 1708 1815 Aedificia
1728 1785 1841 1816 ampla.
1871 1783 1914 1809 111.

1072 1824 1139 1850 Gn.
1164 1822 1300 1859 Operosas
1320 1821 1412 1853 uioleS,
1433 1831 1513 1848 censu
1533 1821 1677 1855 laborante,
1698 1827 1828 1862 componi.
1848 1825 1914 1852 Nov.

1073 1864 1131 1891 val.
1145 1865 1185 1891 111.
1208 1864 1240 1891 de
1258 1864 1357 1901 sepulc.
1378 1864 1439 1891 viol.
1459 1864 1489 1891 II.
1502 1866 1544 1890 23.
1565 1875 1585 1891 c.
1602 1867 1623 1892 l.
1638 1876 1678 1902 pr.
1692 1882 1725 1886 —
1745 1868 1775 1900 ἓ.
1790 1869 1826 1894 3.
1849 1870 1915 1896 Μα-

1049 1930 1050 1942 .
1070 1910 1223 1943 gnitndo,
1250 1909 1353 1941 Copia
1377 1910 1498 1943 ingena.
1537 1907 1580 1934 111.
1602 1909 1668 1935 Gn.
1687 1909 1795 1936 Annosa
1815 1911 1915 1943 militia.

185 1951 260 1982 ditio,
280 1956 324 1977 ant
342 1951 445 1982 modus,
465 1956 509 1977 aut
528 1952 653 1977 accessio.
673 1950 703 1977 i'r.
724 1954 765 1978 44.
786 1962 823 1989 pr.
845 1951 877 1978 de
898 1954 930 1978 Ο.
952 1957 977 1978 et
996 1953 1027 1978 A.
1049 1948 1050 1956 ¹

1049 2017 1051 2027 ,
1073 2004 1094 2020 c.
1108 1995 1147 2020 16.
1168 1994 1190 2027 3.
1206 1995 1227 2019 l.
1248 1992 1280 2019 de
1300 1998 1383 2029 agent.
1398 1994 1423 2019 in
1438 1993 1492 2019 reb.
1521 1993 1680 2020 Debitorum
1699 1995 1768 2021 mole
1787 1996 1914 2033 depressi.

186 2047 271 2074 neque
289 2042 416 2074 tempore,
436 2047 521 2073 neque
541 2037 700 2069 conditione,
720 2048 805 2074 neque
818 2038 878 2064 loco
898 2038 1028 2070 (debitum
1049 2061 1051 2067 ,

1073 1956 1098 1977 et
1121 1950 1198 1986 longa
1222 1949 1414 1987 stipendiorum
1438 1949 1507 1976 mole
1530 1956 1649 1977 vexatus.
1679 1951 1728 1979 Th.
1750 1952 1780 1979 C.
1807 1953 1848 1980 Vl.
1873 1956 1914 1980 27.

1073 2036 1109 2063 lb.
1128 2036 1162 2063 X.
1185 2038 1222 2062 17.
1253 2046 1274 2062 c.
1293 2037 1318 2061 3.
1343 2035 1375 2062 dc
1398 2035 1451 2062 fide
1477 2041 1503 2062 et
1526 2038 1582 2063 iure
1606 2037 1672 2064 hast.
1698 2038 1730 2065 cf.
1756 2039 1777 2072 3
1797 2040 1820 2065 8.
1845 2039 1862 2066 I.
1883 2040 1914 2066 de

1050 2108 1051 2112 Ἰ
1073 2080 1164 2106 societ.
1187 2081 1211 2105 3.
1230 2080 1272 2105 26.
1314 2078 1370 2105 Nec
1394 2079 1489 2106 molem
1512 2081 1698 2116 promissionis
1723 2097 1754 2100 —
1778 2082 1914 2118 perhorre-

1073 2127 1154 2149 scant.
1175 2121 1224 2148 Th.
1243 2121 1273 2148 C.
1294 2120 1336 2148 VI.
1356 2123 1398 2148 ⁴26.
1419 2132 1439 2149 c.
1462 2125 1501 2148 12.
1521 2122 1554 2149 de
1572 2133 1646 2160 prox.
1667 2134 1731 2150 com.

1108 2166 1324 2192 Molestare.
1360 2166 1545 2192 Molestiam
1565 2168 1706 2202 inferre,
1729 2169 1858 2194 Vexare.
1895 2168 1912 2194 1.

1074 2210 1135 2243 Sy.
1155 2207 1366 2244 Inquietudinem
1385 2207 1489 2234 inferre.
1510 2208 1555 2234 Iul.
1577 2218 1616 2245 ep.
1637 2219 1696 2235 nov.
1717 2220 1738 2236 c.
1758 2212 1798 2236 54.
1819 2211 1840 2244 3.
1857 2213 1911 2236 196.

1074 2251 1115 2277 III.
1131 2252 1197 2278 Gn·
1217 2250 1354 2277 Neminem
1373 2250 1507 2277 molestari
1526 2250 1588 2277 volo
1608 2252 1713 2278 nomine
1726 2252 1815 2280 debiti.
1829 2263 1912 2289 neque

1074 2295 1177 2330 exigere
1197 2293 1298 2330 aliquid
1317 2293 1348 2319 ab
1369 2303 1407 2319 eo.
1429 2292 1458 2319 l'r.
1478 2295 1519 2319 20.
1539 2303 1579 2330 pr.
1599 2293 1631 2320 de
1650 2294 1752 2321 liberat.
1772 2295 1820 2331 leg.
1833 2298 1874 2321 34.
1888 2298 1911 2322 3.

1074 2336 1223 2367 Molestare,
1242 2336 1285 2362 vel
1305 2336 1437 2372 aliquibus
1456 2335 1558 2362 damnis
1578 2336 1698 2364 adficere.
1721 2348 1741 2364 c.
1763 2340 1801 2363 10.
1821 2348 1860 2374 pr.
1881 2338 1913 2364 de

1073 2381 1134 2406 bon.
1155 2384 1222 2405 auct.
1242 2379 1295 2405 iud.
1316 2381 1338 2405 7.
1360 2380 1399 2404 72.
1436 2378 1542 2405 Minime
1561 2380 1703 2406 cuiuslibet
1722 2385 1794 2406 actus
1813 2380 1911 2416 publici

1074 2422 1280 2449 sollicitudinem
1299 2420 1422 2447 nolentes
1441 2421 1530 2448 subire
1550 2422 1684 2460 compelli,
1710 2433 1757 2448 ncc
1776 2423 1913 2449 exhibitio-

1074 2467 1115 2493 nis
1134 2482 1167 2485 -
1187 2475 1267 2491 onere
1285 2464 1428 2490 molestari.
1448 2474 1469 2491 c.
1489 2467 1512 2491 5.
1533 2465 1554 2498 3.
1574 2467 1597 2491 6.
1617 2465 1649 2491 de
1667 2464 1757 2491 advoc.
1778 2465 1829 2491 div.
1848 2466 1911 2493 iudi-

1074 2520 1139 2536 cum.
1160 2511 1183 2535 2,
1204 2511 1227 2534 8,

1109 2552 1278 2579 Moleste.
1308 2549 1421 2582 (Advb.)
1450 2552 1567 2585 Aegre,
1588 2552 1750 2577 Graviter.
1787 2551 1829 2578 III.
1847 2553 1911 2580 Gn.

1074 2596 1103 2621 Si
1128 2595 1178 2621 hoc
1202 2593 1314 2619 moleste
1336 2592 1453 2618 tulerint.
1483 2592 1531 2618 Th.
1553 2592 1582 2618 C.
1602 2591 1647 2618 XI.
1667 2594 1708 2619 20.
1733 2604 1754 2619 c.
1774 2596 1797 2620 5.
1821 2605 1860 2632 pr.
1880 2595 1911 2622 de

1075 2637 1161 2664 collat.
1182 2636 1269 2662 donat.

1110 2679 1296 2706 Molestia.
1334 2679 1365 2712 ᾖ.
1387 2679 1420 2703 l.
1446 2679 1696 2709 Incommodum,
1722 2679 1909 2706 Grave-tmen.

1076 2722 1117 2748 Ill.
1133 2722 1198 2748 Cn.
1219 2720 1287 2747 Cum
1305 2721 1422 2749 scierint,
1441 2719 1492 2745 sibi
1512 2729 1617 2756 quoque
1635 2719 1771 2747 molestiae
1789 2721 1909 2748 futurum.

1076 2768 1146 2798 (uon
1164 2764 1344 2791 indifferenter
1364 2762 1396 2788 de
1415 2766 1517 2788 caetero
1537 2762 1656 2796 facient.)
1685 2763 1715 2790 sr.
1736 2765 1774 2790 10.
1795 2764 1827 2791 de
1846 2770 1909 2790 cust.

1077 2813 1102 2834 et
1125 2807 1184 2834 exh.
1207 2808 1249 2833 48.
1268 2808 1292 2832 3.
1329 2805 1358 2830 Si
1383 2804 1504 2831 dominus
1527 2805 1642 2833 tribuere
1665 2806 1748 2835 nolit.
1777 2817 1823 2833 nec
1846 2807 1910 2832 hanc

1413 2847 1469 2872 75*
