<?xml version="1.0" encoding="UTF-8"?>
<!DOCTYPE html PUBLIC "-//W3C//DTD XHTML 1.0 Transitional//EN"
    "http://www.w3.org/TR/xhtml1/DTD/xhtml1-transitional.dtd">
<html xmlns="http://www.w3.org/1999/xhtml" xml:lang="en" lang="en">
 <head>
  <title>
</title>
<meta http-equiv="Content-Type" content="text/html;charset=utf-8" />
  <meta name='ocr-system' content='tesseract 3.04.00' />
  <meta name='ocr-capabilities' content='ocr_page ocr_carea ocr_par ocr_line ocrx_word'/>
</head>
<body>
  <div class='ocr_page' id='page_1' title='image "./manualelatinitat00dirk_0473.png"; bbox 0 0 2197 3121; ppageno 0'>
   <div class='ocr_carea' id='block_1_1' title="bbox 1021 143 1109 174">
    <p class='ocr_par' dir='ltr' id='par_1_1' title="bbox 1021 143 1109 174">
     <span class='ocr_line' id='line_1_1' title="bbox 1021 143 1109 174; baseline 0 0"><span class='ocrx_word' id='word_1_1' title='bbox 1021 143 1109 174; x_wconf 91' lang='lat' dir='ltr'>IND.</span> 
     </span>
    </p>
   </div>
   <div class='ocr_carea' id='block_1_2' title="bbox 203 223 1042 772">
    <p class='ocr_par' dir='ltr' id='par_1_2' title="bbox 203 223 1042 772">
     <span class='ocr_line' id='line_1_2' title="bbox 204 223 1042 263; baseline -0.001 -11"><span class='ocrx_word' id='word_1_2' title='bbox 204 236 270 263; x_wconf 80' lang='lat' dir='ltr'>gnus</span> <span class='ocrx_word' id='word_1_3' title='bbox 290 230 331 252; x_wconf 87' lang='lat' dir='ltr'>est</span> <span class='ocrx_word' id='word_1_4' title='bbox 350 225 412 262; x_wconf 84' lang='lat' dir='ltr'>quid</span> <span class='ocrx_word' id='word_1_5' title='bbox 432 225 541 256; x_wconf 75' lang='lat' dir='ltr'>habere.</span> <span class='ocrx_word' id='word_1_6' title='bbox 562 225 621 261; x_wconf 85' lang='lat' dir='ltr'>quia</span> <span class='ocrx_word' id='word_1_7' title='bbox 641 229 688 251; x_wconf 83' lang='lat' dir='ltr'>etc.</span> <span class='ocrx_word' id='word_1_8' title='bbox 708 223 739 250; x_wconf 81' lang='lat' dir='ltr'>fr.</span> <span class='ocrx_word' id='word_1_9' title='bbox 760 226 782 250; x_wconf 92' lang='lat'>7.</span> <span class='ocrx_word' id='word_1_10' title='bbox 803 225 825 258; x_wconf 89' lang='lat'>5.</span> <span class='ocrx_word' id='word_1_11' title='bbox 845 226 868 250; x_wconf 88' lang='lat'>3.</span> <span class='ocrx_word' id='word_1_12' title='bbox 889 224 921 251; x_wconf 89' lang='lat' dir='ltr'>de</span> <span class='ocrx_word' id='word_1_13' title='bbox 939 224 1042 251; x_wconf 88' lang='lat' dir='ltr'>liberali</span> 
     </span>
     <span class='ocr_line' id='line_1_3' title="bbox 204 266 1042 303; baseline 0 -9"><span class='ocrx_word' id='word_1_14' title='bbox 204 278 226 295; x_wconf 91' lang='lat' dir='ltr'>c.</span> <span class='ocrx_word' id='word_1_15' title='bbox 245 270 286 294; x_wconf 71' lang='lat'>40.</span> <span class='ocrx_word' id='word_1_16' title='bbox 308 270 347 294; x_wconf 90' lang='lat'>12.</span> <span class='ocrx_word' id='word_1_17' title='bbox 368 268 398 294; x_wconf 68' lang='lat' dir='ltr'>cl&#39;.</span> <span class='ocrx_word' id='word_1_18' title='bbox 419 267 449 294; x_wconf 88' lang='lat' dir='ltr'>fr.</span> <span class='ocrx_word' id='word_1_19' title='bbox 470 270 510 294; x_wconf 84' lang='lat'>53.</span> <span class='ocrx_word' id='word_1_20' title='bbox 531 267 552 300; x_wconf 90' lang='lat'>5.</span> <span class='ocrx_word' id='word_1_21' title='bbox 575 269 597 294; x_wconf 92' lang='lat' dir='ltr'>l.</span> <span class='ocrx_word' id='word_1_22' title='bbox 621 266 653 292; x_wconf 85' lang='lat' dir='ltr'>de</span> <span class='ocrx_word' id='word_1_23' title='bbox 671 266 757 293; x_wconf 77' lang='lat' dir='ltr'>fideic,</span> <span class='ocrx_word' id='word_1_24' title='bbox 782 266 846 293; x_wconf 88' lang='lat' dir='ltr'>libb.</span> <span class='ocrx_word' id='word_1_25' title='bbox 866 268 906 294; x_wconf 85' lang='lat'>40.</span> <span class='ocrx_word' id='word_1_26' title='bbox 926 270 950 294; x_wconf 91' lang='lat'>5.</span> <span class='ocrx_word' id='word_1_27' title='bbox 988 268 1042 303; x_wconf 87' lang='lat' dir='ltr'>Qui</span> 
     </span>
     <span class='ocr_line' id='line_1_4' title="bbox 204 309 1040 347; baseline 0 -10"><span class='ocrx_word' id='word_1_28' title='bbox 204 310 326 347; x_wconf 83' lang='lat' dir='ltr'>indignus</span> <span class='ocrx_word' id='word_1_29' title='bbox 347 316 387 338; x_wconf 87' lang='lat' dir='ltr'>est</span> <span class='ocrx_word' id='word_1_30' title='bbox 406 310 497 337; x_wconf 83' lang='lat' dir='ltr'>ordine</span> <span class='ocrx_word' id='word_1_31' title='bbox 520 309 655 341; x_wconf 81' lang='lat' dir='ltr'>inferiore,</span> <span class='ocrx_word' id='word_1_32' title='bbox 681 309 811 345; x_wconf 71' lang='lat' dir='ltr'>indignior</span> <span class='ocrx_word' id='word_1_33' title='bbox 835 314 875 336; x_wconf 85' lang='lat' dir='ltr'>est</span> <span class='ocrx_word' id='word_1_34' title='bbox 897 312 1040 347; x_wconf 78' lang='lat' dir='ltr'>superiore.</span> 
     </span>
     <span class='ocr_line' id='line_1_5' title="bbox 206 352 1041 390; baseline -0.001 -10"><span class='ocrx_word' id='word_1_35' title='bbox 206 353 237 380; x_wconf 87' lang='lat' dir='ltr'>fr.</span> <span class='ocrx_word' id='word_1_36' title='bbox 257 355 281 380; x_wconf 80' lang='lat'>4.</span> <span class='ocrx_word' id='word_1_37' title='bbox 302 353 333 380; x_wconf 88' lang='lat' dir='ltr'>cf.</span> <span class='ocrx_word' id='word_1_38' title='bbox 353 354 383 380; x_wconf 84' lang='lat' dir='ltr'>sr.</span> <span class='ocrx_word' id='word_1_39' title='bbox 406 356 444 379; x_wconf 89' lang='grc'>12.</span> <span class='ocrx_word' id='word_1_40' title='bbox 463 364 502 390; x_wconf 86' lang='lat' dir='ltr'>pr.</span> <span class='ocrx_word' id='word_1_41' title='bbox 522 353 554 380; x_wconf 90' lang='lat' dir='ltr'>de</span> <span class='ocrx_word' id='word_1_42' title='bbox 573 352 661 379; x_wconf 85' lang='lat' dir='ltr'>Senat.</span> <span class='ocrx_word' id='word_1_43' title='bbox 683 354 704 378; x_wconf 92' lang='lat'>1.</span> <span class='ocrx_word' id='word_1_44' title='bbox 725 354 747 379; x_wconf 90' lang='grc'>9.</span> <span class='ocrx_word' id='word_1_45' title='bbox 789 352 925 388; x_wconf 77' lang='lat' dir='ltr'>Indignum</span> <span class='ocrx_word' id='word_1_46' title='bbox 943 352 1041 379; x_wconf 86' lang='lat' dir='ltr'>iudicio</span> 
     </span>
     <span class='ocr_line' id='line_1_6' title="bbox 203 394 1040 433; baseline -0.001 -11"><span class='ocrx_word' id='word_1_47' title='bbox 203 398 286 433; x_wconf 76' lang='lat' dir='ltr'>patris</span> <span class='ocrx_word' id='word_1_48' title='bbox 306 396 393 423; x_wconf 80' lang='lat' dir='ltr'>dicere</span> <span class='ocrx_word' id='word_1_49' title='bbox 413 396 532 427; x_wconf 75' lang='lat' dir='ltr'><strong>debebit,</strong></span> <span class='ocrx_word' id='word_1_50' title='bbox 553 396 597 432; x_wconf 89' lang='lat' dir='ltr'>qni</span> <span class='ocrx_word' id='word_1_51' title='bbox 617 400 665 421; x_wconf 85' lang='lat' dir='ltr'>etc.</span> <span class='ocrx_word' id='word_1_52' title='bbox 691 394 720 421; x_wconf 80' lang='lat' dir='ltr'>fr.</span> <span class='ocrx_word' id='word_1_53' title='bbox 740 396 782 422; x_wconf 87' lang='grc'>35.</span> <span class='ocrx_word' id='word_1_54' title='bbox 803 394 835 421; x_wconf 88' lang='lat' dir='ltr'>dc</span> <span class='ocrx_word' id='word_1_55' title='bbox 853 400 980 422; x_wconf 80' lang='lat' dir='ltr'>excusatt.</span> <span class='ocrx_word' id='word_1_56' title='bbox 999 397 1040 422; x_wconf 91' lang='lat'>27.</span> 
     </span>
     <span class='ocr_line' id='line_1_7' title="bbox 205 438 1042 475; baseline -0.001 -10"><span class='ocrx_word' id='word_1_57' title='bbox 205 440 228 465; x_wconf 88' lang='lat' dir='ltr'>l.</span> <span class='ocrx_word' id='word_1_58' title='bbox 264 438 345 475; x_wconf 79' lang='lat' dir='ltr'>Magis</span> <span class='ocrx_word' id='word_1_59' title='bbox 370 444 410 465; x_wconf 87' lang='lat' dir='ltr'>est</span> <span class='ocrx_word' id='word_1_60' title='bbox 434 444 462 465; x_wconf 87' lang='lat' dir='ltr'>ut</span> <span class='ocrx_word' id='word_1_61' title='bbox 481 439 596 469; x_wconf 75' lang='lat' dir='ltr'>dicatur.</span> <span class='ocrx_word' id='word_1_62' title='bbox 622 448 714 475; x_wconf 79' lang='lat' dir='ltr'>capere</span> <span class='ocrx_word' id='word_1_63' title='bbox 736 438 807 464; x_wconf 83' lang='lat' dir='ltr'>illam</span> <span class='ocrx_word' id='word_1_64' title='bbox 826 448 857 464; x_wconf 82' lang='lat' dir='ltr'>ex</span> <span class='ocrx_word' id='word_1_65' title='bbox 877 442 1042 471; x_wconf 82' lang='lat' dir='ltr'>testamento,</span> 
     </span>
     <span class='ocr_line' id='line_1_8' title="bbox 204 479 1041 518; baseline -0.001 -10"><span class='ocrx_word' id='word_1_66' title='bbox 204 491 253 508; x_wconf 81' lang='lat' dir='ltr'>nec</span> <span class='ocrx_word' id='word_1_67' title='bbox 273 483 347 518; x_wconf 81' lang='lat' dir='ltr'>quasi</span> <span class='ocrx_word' id='word_1_68' title='bbox 366 482 496 518; x_wconf 79' lang='lat' dir='ltr'>indignam</span> <span class='ocrx_word' id='word_1_69' title='bbox 516 491 575 508; x_wconf 79' lang='lat' dir='ltr'>csse</span> <span class='ocrx_word' id='word_1_70' title='bbox 595 480 779 517; x_wconf 78' lang='lat' dir='ltr'>repellendam.</span> <span class='ocrx_word' id='word_1_71' title='bbox 798 479 829 507; x_wconf 86' lang='lat' dir='ltr'>fr.</span> <span class='ocrx_word' id='word_1_72' title='bbox 843 482 866 506; x_wconf 84' lang='lat'>2.</span> <span class='ocrx_word' id='word_1_73' title='bbox 887 481 908 514; x_wconf 88' lang='lat'>5.</span> <span class='ocrx_word' id='word_1_74' title='bbox 922 482 946 507; x_wconf 84' lang='lat'>2.</span> <span class='ocrx_word' id='word_1_75' title='bbox 966 480 998 507; x_wconf 85' lang='lat' dir='ltr'>de</span> <span class='ocrx_word' id='word_1_76' title='bbox 1016 480 1041 507; x_wconf 89' lang='lat' dir='ltr'>b.</span> 
     </span>
     <span class='ocr_line' id='line_1_9' title="bbox 205 523 1041 561; baseline 0 -11"><span class='ocrx_word' id='word_1_77' title='bbox 205 534 248 560; x_wconf 88' lang='lat' dir='ltr'>qu.</span> <span class='ocrx_word' id='word_1_78' title='bbox 269 529 297 551; x_wconf 91' lang='lat' dir='ltr'>ut</span> <span class='ocrx_word' id='word_1_79' title='bbox 315 524 413 561; x_wconf 76' lang='lat' dir='ltr'>indign.</span> <span class='ocrx_word' id='word_1_80' title='bbox 432 526 474 551; x_wconf 70' lang='lat'>34.</span> <span class='ocrx_word' id='word_1_81' title='bbox 494 526 517 551; x_wconf 88' lang='lat'>9.</span> <span class='ocrx_word' id='word_1_82' title='bbox 537 523 569 550; x_wconf 89' lang='lat' dir='ltr'>cf.</span> <span class='ocrx_word' id='word_1_83' title='bbox 590 524 620 550; x_wconf 91' lang='lat' dir='ltr'>fr.</span> <span class='ocrx_word' id='word_1_84' title='bbox 642 525 680 550; x_wconf 83' lang='lat'>13.</span> <span class='ocrx_word' id='word_1_85' title='bbox 705 524 725 557; x_wconf 88' lang='lat'>5.</span> <span class='ocrx_word' id='word_1_86' title='bbox 746 525 768 550; x_wconf 90' lang='lat'>9.</span> <span class='ocrx_word' id='word_1_87' title='bbox 789 523 821 549; x_wconf 91' lang='lat' dir='ltr'>de</span> <span class='ocrx_word' id='word_1_88' title='bbox 840 524 896 549; x_wconf 87' lang='lat' dir='ltr'>inre</span> <span class='ocrx_word' id='word_1_89' title='bbox 915 523 981 550; x_wconf 86' lang='lat' dir='ltr'>fisci.</span> <span class='ocrx_word' id='word_1_90' title='bbox 1000 525 1041 550; x_wconf 97' lang='lat'>49.</span> 
     </span>
     <span class='ocr_line' id='line_1_10' title="bbox 204 565 1041 602; baseline -0.001 -9"><span class='ocrx_word' id='word_1_91' title='bbox 204 569 245 593; x_wconf 90' lang='lat'>14.</span> <span class='ocrx_word' id='word_1_92' title='bbox 282 567 414 594; x_wconf 76' lang='lat' dir='ltr'>Accusare</span> <span class='ocrx_word' id='word_1_93' title='bbox 434 572 462 594; x_wconf 91' lang='lat' dir='ltr'>ut</span> <span class='ocrx_word' id='word_1_94' title='bbox 481 566 602 602; x_wconf 72' lang='lat' dir='ltr'>indignos</span> <span class='ocrx_word' id='word_1_95' title='bbox 625 566 777 599; x_wconf 71' lang='lat' dir='ltr'>(heredes.)</span> <span class='ocrx_word' id='word_1_96' title='bbox 796 565 826 592; x_wconf 83' lang='lat' dir='ltr'>fr.</span> <span class='ocrx_word' id='word_1_97' title='bbox 846 567 887 592; x_wconf 85' lang='lat'>26.</span> <span class='ocrx_word' id='word_1_98' title='bbox 912 565 944 592; x_wconf 87' lang='lat' dir='ltr'>de</span> <span class='ocrx_word' id='word_1_99' title='bbox 963 565 990 592; x_wconf 92' lang='lat' dir='ltr'>S.</span> <span class='ocrx_word' id='word_1_100' title='bbox 1010 565 1041 593; x_wconf 89' lang='lat' dir='ltr'>C.</span> 
     </span>
     <span class='ocr_line' id='line_1_11' title="bbox 204 608 1040 646; baseline -0.001 -10"><span class='ocrx_word' id='word_1_101' title='bbox 204 609 285 636; x_wconf 79' lang='lat' dir='ltr'>Silan.</span> <span class='ocrx_word' id='word_1_102' title='bbox 305 611 345 636; x_wconf 87' lang='lat'>29.</span> <span class='ocrx_word' id='word_1_103' title='bbox 366 612 388 636; x_wconf 98' lang='lat'>5.</span> <span class='ocrx_word' id='word_1_104' title='bbox 426 609 535 645; x_wconf 81' lang='lat' dir='ltr'>Indigno</span> <span class='ocrx_word' id='word_1_105' title='bbox 555 609 651 635; x_wconf 81' lang='lat' dir='ltr'>herede</span> <span class='ocrx_word' id='word_1_106' title='bbox 670 609 852 646; x_wconf 80' lang='lat' dir='ltr'>pronunciato.</span> <span class='ocrx_word' id='word_1_107' title='bbox 871 608 901 635; x_wconf 90' lang='lat' dir='ltr'>fr.</span> <span class='ocrx_word' id='word_1_108' title='bbox 921 609 944 634; x_wconf 75' lang='lat'>8.</span> <span class='ocrx_word' id='word_1_109' title='bbox 965 608 998 636; x_wconf 88' lang='lat' dir='ltr'>de</span> <span class='ocrx_word' id='word_1_110' title='bbox 1016 608 1040 635; x_wconf 90' lang='grc'>11.</span> 
     </span>
     <span class='ocr_line' id='line_1_12' title="bbox 205 651 1042 689; baseline 0 -11"><span class='ocrx_word' id='word_1_111' title='bbox 205 662 250 689; x_wconf 90' lang='lat' dir='ltr'>qu.</span> <span class='ocrx_word' id='word_1_112' title='bbox 269 657 298 679; x_wconf 88' lang='lat' dir='ltr'>ut</span> <span class='ocrx_word' id='word_1_113' title='bbox 316 652 413 688; x_wconf 78' lang='lat' dir='ltr'>indign.</span> <span class='ocrx_word' id='word_1_114' title='bbox 432 654 474 679; x_wconf 84' lang='lat'>34.</span> <span class='ocrx_word' id='word_1_115' title='bbox 494 655 518 679; x_wconf 79' lang='lat'>9.</span> <span class='ocrx_word' id='word_1_116' title='bbox 561 651 700 689; x_wconf 87' lang='lat' dir='ltr'>Sponsalia</span> <span class='ocrx_word' id='word_1_117' title='bbox 719 651 903 688; x_wconf 82' lang='lat' dir='ltr'>improbanda,</span> <span class='ocrx_word' id='word_1_118' title='bbox 923 656 949 678; x_wconf 88' lang='lat' dir='ltr'>et</span> <span class='ocrx_word' id='word_1_119' title='bbox 968 653 1042 688; x_wconf 82' lang='lat' dir='ltr'>quasi</span> 
     </span>
     <span class='ocr_line' id='line_1_13' title="bbox 204 694 1041 732; baseline 0 -11"><span class='ocrx_word' id='word_1_120' title='bbox 204 695 236 721; x_wconf 84' lang='lat' dir='ltr'>ab</span> <span class='ocrx_word' id='word_1_121' title='bbox 256 695 370 731; x_wconf 74' lang='lat' dir='ltr'>indignis</span> <span class='ocrx_word' id='word_1_122' title='bbox 390 706 427 726; x_wconf 79' lang='lat' dir='ltr'>ea.</span> <span class='ocrx_word' id='word_1_123' title='bbox 442 705 507 732; x_wconf 85' lang='lat' dir='ltr'>quae</span> <span class='ocrx_word' id='word_1_124' title='bbox 522 695 616 721; x_wconf 77' lang='lat' dir='ltr'>donata</span> <span class='ocrx_word' id='word_1_125' title='bbox 631 699 699 726; x_wconf 78' lang='lat' dir='ltr'>sunt⁷</span> <span class='ocrx_word' id='word_1_126' title='bbox 719 694 803 720; x_wconf 84' lang='lat' dir='ltr'>ablata</span> <span class='ocrx_word' id='word_1_127' title='bbox 822 695 888 721; x_wconf 80' lang='lat' dir='ltr'>fisco</span> <span class='ocrx_word' id='word_1_128' title='bbox 907 694 1041 721; x_wconf 82' lang='lat' dir='ltr'>vindicari.</span> 
     </span>
     <span class='ocr_line' id='line_1_14' title="bbox 204 736 1040 772; baseline -0.001 -8"><span class='ocrx_word' id='word_1_129' title='bbox 204 737 234 764; x_wconf 85' lang='lat' dir='ltr'>fr.</span> <span class='ocrx_word' id='word_1_130' title='bbox 254 739 295 764; x_wconf 91' lang='lat'>32.</span> <span class='ocrx_word' id='word_1_131' title='bbox 315 739 337 772; x_wconf 89' lang='lat'>5.</span> <span class='ocrx_word' id='word_1_132' title='bbox 357 739 398 764; x_wconf 81' lang='lat'>28.</span> <span class='ocrx_word' id='word_1_133' title='bbox 419 737 451 764; x_wconf 74' lang='grc'>(18</span> <span class='ocrx_word' id='word_1_134' title='bbox 476 737 563 764; x_wconf 88' lang='lat' dir='ltr'>donat.</span> <span class='ocrx_word' id='word_1_135' title='bbox 587 739 633 764; x_wconf 88' lang='lat' dir='ltr'>int.</span> <span class='ocrx_word' id='word_1_136' title='bbox 654 736 684 763; x_wconf 85' lang='lat' dir='ltr'>V.</span> <span class='ocrx_word' id='word_1_137' title='bbox 703 738 744 763; x_wconf 87' lang='lat'>24.</span> <span class='ocrx_word' id='word_1_138' title='bbox 767 739 788 763; x_wconf 82' lang='grc'>1.</span> <span class='ocrx_word' id='word_1_139' title='bbox 815 737 846 764; x_wconf 91' lang='lat' dir='ltr'>cf.</span> <span class='ocrx_word' id='word_1_140' title='bbox 866 737 936 764; x_wconf 84' lang='lat' dir='ltr'>Paul.</span> <span class='ocrx_word' id='word_1_141' title='bbox 956 737 999 763; x_wconf 89' lang='lat'>111.</span> <span class='ocrx_word' id='word_1_142' title='bbox 1018 739 1040 763; x_wconf 45' lang='lat'>5.</span> 
     </span>
    </p>
   </div>
   <div class='ocr_carea' id='block_1_3' title="bbox 203 779 1042 903">
    <p class='ocr_par' dir='ltr' id='par_1_3' title="bbox 203 779 1042 903">
     <span class='ocr_line' id='line_1_15' title="bbox 203 779 1042 815; baseline 0 -9"><span class='ocrx_word' id='word_1_143' title='bbox 203 781 240 814; x_wconf 88' lang='lat'>55.</span> <span class='ocrx_word' id='word_1_144' title='bbox 262 782 302 806; x_wconf 88' lang='grc'>10.</span> <span class='ocrx_word' id='word_1_145' title='bbox 323 782 363 807; x_wconf 91' lang='grc'>13.</span> <span class='ocrx_word' id='word_1_146' title='bbox 383 780 415 807; x_wconf 90' lang='lat' dir='ltr'>V.</span> <span class='ocrx_word' id='word_1_147' title='bbox 436 783 475 807; x_wconf 87' lang='lat'>12.</span> <span class='ocrx_word' id='word_1_148' title='bbox 497 782 518 815; x_wconf 90' lang='lat'>5</span> <span class='ocrx_word' id='word_1_149' title='bbox 537 783 561 807; x_wconf 88' lang='lat'>2.</span> <span class='ocrx_word' id='word_1_150' title='bbox 598 781 671 806; x_wconf 81' lang='lat' dir='ltr'>Bona</span> <span class='ocrx_word' id='word_1_151' title='bbox 696 781 827 812; x_wconf 73' lang='lat' dir='ltr'>vacantia,</span> <span class='ocrx_word' id='word_1_152' title='bbox 847 785 873 806; x_wconf 84' lang='lat' dir='ltr'>et</span> <span class='ocrx_word' id='word_1_153' title='bbox 892 779 996 812; x_wconf 79' lang='lat' dir='ltr'>caduca,</span> <span class='ocrx_word' id='word_1_154' title='bbox 1017 785 1042 806; x_wconf 91' lang='lat' dir='ltr'>et</span> 
     </span>
     <span class='ocr_line' id='line_1_16' title="bbox 204 822 1041 859; baseline 0 -10"><span class='ocrx_word' id='word_1_155' title='bbox 204 833 233 849; x_wconf 82' lang='lat' dir='ltr'>ea</span> <span class='ocrx_word' id='word_1_156' title='bbox 253 832 318 859; x_wconf 84' lang='lat' dir='ltr'>quae</span> <span class='ocrx_word' id='word_1_157' title='bbox 336 823 451 859; x_wconf 74' lang='lat' dir='ltr'>indignis</span> <span class='ocrx_word' id='word_1_158' title='bbox 471 840 503 843; x_wconf 90' lang='lat'><em>-</em></span> <span class='ocrx_word' id='word_1_159' title='bbox 523 823 681 850; x_wconf 85' lang='lat' dir='ltr'>auferuntur.</span> <span class='ocrx_word' id='word_1_160' title='bbox 707 822 756 849; x_wconf 90' lang='lat' dir='ltr'>Th.</span> <span class='ocrx_word' id='word_1_161' title='bbox 777 822 807 849; x_wconf 93' lang='lat' dir='ltr'>C.</span> <span class='ocrx_word' id='word_1_162' title='bbox 826 823 870 849; x_wconf 85' lang='lat' dir='ltr'>Xl.</span> <span class='ocrx_word' id='word_1_163' title='bbox 893 824 934 849; x_wconf 80' lang='lat'>30.</span> <span class='ocrx_word' id='word_1_164' title='bbox 960 833 981 849; x_wconf 91' lang='lat' dir='ltr'>c.</span> <span class='ocrx_word' id='word_1_165' title='bbox 1000 824 1041 849; x_wconf 88' lang='lat'>26.</span> 
     </span>
     <span class='ocr_line' id='line_1_17' title="bbox 209 864 1042 903; baseline 0.001 -12"><span class='ocrx_word' id='word_1_166' title='bbox 209 864 242 891; x_wconf 87' lang='lat' dir='ltr'>de</span> <span class='ocrx_word' id='word_1_167' title='bbox 260 875 319 902; x_wconf 77' lang='lat' dir='ltr'>app.</span> <span class='ocrx_word' id='word_1_168' title='bbox 340 871 365 892; x_wconf 88' lang='lat' dir='ltr'>et</span> <span class='ocrx_word' id='word_1_169' title='bbox 383 876 459 903; x_wconf 86' lang='lat' dir='ltr'>poen.</span> <span class='ocrx_word' id='word_1_170' title='bbox 494 880 521 883; x_wconf 95' lang='lat'>—</span> <span class='ocrx_word' id='word_1_171' title='bbox 555 867 585 899; x_wconf 61' lang='grc' dir='ltr'>ᾖ.</span> <span class='ocrx_word' id='word_1_172' title='bbox 612 867 647 892; x_wconf 68' lang='lat'>2.</span> <span class='ocrx_word' id='word_1_173' title='bbox 672 867 878 898; x_wconf 72' lang='lat' dir='ltr'>Inhonestus,</span> <span class='ocrx_word' id='word_1_174' title='bbox 898 867 1042 901; x_wconf 84' lang='lat' dir='ltr'>Ignomi-</span> 
     </span>
    </p>
   </div>
   <div class='ocr_carea' id='block_1_4' title="bbox 202 908 1045 2136">
    <p class='ocr_par' dir='ltr' id='par_1_4' title="bbox 203 908 1043 1199">
     <span class='ocr_line' id='line_1_18' title="bbox 203 908 1042 946; baseline 0.001 -12"><span class='ocrx_word' id='word_1_175' title='bbox 203 909 322 934; x_wconf 75' lang='lat' dir='ltr'>niosns.</span> <span class='ocrx_word' id='word_1_176' title='bbox 362 908 404 935; x_wconf 93' lang='grc'>111.</span> <span class='ocrx_word' id='word_1_177' title='bbox 426 910 491 936; x_wconf 75' lang='lat' dir='ltr'>Gn.</span> <span class='ocrx_word' id='word_1_178' title='bbox 522 908 550 934; x_wconf 84' lang='lat' dir='ltr'>Si</span> <span class='ocrx_word' id='word_1_179' title='bbox 576 908 710 944; x_wconf 78' lang='lat' dir='ltr'>indignum</span> <span class='ocrx_word' id='word_1_180' title='bbox 730 908 859 940; x_wconf 79' lang='lat' dir='ltr'>moribus,</span> <span class='ocrx_word' id='word_1_181' title='bbox 879 908 920 935; x_wconf 85' lang='lat' dir='ltr'>vel</span> <span class='ocrx_word' id='word_1_182' title='bbox 939 913 1042 946; x_wconf 83' lang='lat' dir='ltr'>turpem</span> 
     </span>
     <span class='ocr_line' id='line_1_19' title="bbox 204 950 1041 988; baseline 0.004 -13"><span class='ocrx_word' id='word_1_183' title='bbox 204 950 344 987; x_wconf 83' lang='lat' dir='ltr'>(sponsum</span> <span class='ocrx_word' id='word_1_184' title='bbox 364 952 387 977; x_wconf 83' lang='lat' dir='ltr'>ei</span> <span class='ocrx_word' id='word_1_185' title='bbox 407 956 481 988; x_wconf 85' lang='lat' dir='ltr'>pater</span> <span class='ocrx_word' id='word_1_186' title='bbox 499 950 596 986; x_wconf 73' lang='lat' dir='ltr'>eligat.)</span> <span class='ocrx_word' id='word_1_187' title='bbox 617 950 646 977; x_wconf 87' lang='lat' dir='ltr'>fr.</span> <span class='ocrx_word' id='word_1_188' title='bbox 669 953 707 977; x_wconf 94' lang='lat'>12.</span> <span class='ocrx_word' id='word_1_189' title='bbox 727 951 747 984; x_wconf 89' lang='lat'>5.</span> <span class='ocrx_word' id='word_1_190' title='bbox 771 952 792 977; x_wconf 96' lang='lat' dir='ltr'>l.</span> <span class='ocrx_word' id='word_1_191' title='bbox 812 950 844 977; x_wconf 82' lang='lat' dir='ltr'>de</span> <span class='ocrx_word' id='word_1_192' title='bbox 864 951 980 988; x_wconf 86' lang='lat' dir='ltr'>sponsal.</span> <span class='ocrx_word' id='word_1_193' title='bbox 1000 954 1041 978; x_wconf 91' lang='lat'>23.</span> 
     </span>
     <span class='ocr_line' id='line_1_20' title="bbox 206 993 1039 1029; baseline 0.002 -10"><span class='ocrx_word' id='word_1_194' title='bbox 206 994 227 1019; x_wconf 96' lang='lat' dir='ltr'>l.</span> <span class='ocrx_word' id='word_1_195' title='bbox 266 993 320 1028; x_wconf 86' lang='lat' dir='ltr'>Qui</span> <span class='ocrx_word' id='word_1_196' title='bbox 338 993 451 1029; x_wconf 75' lang='lat' dir='ltr'>indignis</span> <span class='ocrx_word' id='word_1_197' title='bbox 472 993 612 1023; x_wconf 80' lang='lat' dir='ltr'>natalibus.</span> <span class='ocrx_word' id='word_1_198' title='bbox 632 998 657 1019; x_wconf 89' lang='lat' dir='ltr'>et</span> <span class='ocrx_word' id='word_1_199' title='bbox 676 994 875 1020; x_wconf 83' lang='lat' dir='ltr'>conversatione</span> <span class='ocrx_word' id='word_1_200' title='bbox 894 993 1039 1021; x_wconf 80' lang='lat' dir='ltr'>deterrima.</span> 
     </span>
     <span class='ocr_line' id='line_1_21' title="bbox 205 1035 1042 1074; baseline 0.002 -12"><span class='ocrx_word' id='word_1_201' title='bbox 205 1035 255 1062; x_wconf 87' lang='lat' dir='ltr'>Th.</span> <span class='ocrx_word' id='word_1_202' title='bbox 275 1035 305 1062; x_wconf 91' lang='lat' dir='ltr'>C.</span> <span class='ocrx_word' id='word_1_203' title='bbox 325 1036 342 1063; x_wconf 90' lang='lat' dir='ltr'>I.</span> <span class='ocrx_word' id='word_1_204' title='bbox 364 1038 386 1062; x_wconf 86' lang='lat'>9.</span> <span class='ocrx_word' id='word_1_205' title='bbox 408 1046 428 1062; x_wconf 94' lang='lat' dir='ltr'>c.</span> <span class='ocrx_word' id='word_1_206' title='bbox 450 1038 473 1062; x_wconf 95' lang='lat'>1.</span> <span class='ocrx_word' id='word_1_207' title='bbox 493 1036 598 1068; x_wconf 77' lang='lat' dir='ltr'>(ch.)</span> <span class='ocrx_word' id='word_1_208' title='bbox 618 1036 651 1062; x_wconf 87' lang='lat' dir='ltr'>de</span> <span class='ocrx_word' id='word_1_209' title='bbox 670 1037 713 1062; x_wconf 82' lang='lat' dir='ltr'>off.</span> <span class='ocrx_word' id='word_1_210' title='bbox 733 1046 797 1072; x_wconf 73' lang='lat' dir='ltr'>mag.</span> <span class='ocrx_word' id='word_1_211' title='bbox 818 1036 886 1063; x_wconf 79' lang='lat' dir='ltr'>offic.</span> <span class='ocrx_word' id='word_1_212' title='bbox 906 1037 1042 1074; x_wconf 81' lang='lat' dir='ltr'>Indignum</span> 
     </span>
     <span class='ocr_line' id='line_1_22' title="bbox 205 1078 1041 1115; baseline 0.004 -11"><span class='ocrx_word' id='word_1_213' title='bbox 205 1087 272 1110; x_wconf 71' lang='lat' dir='ltr'>esse,</span> <span class='ocrx_word' id='word_1_214' title='bbox 293 1088 313 1104; x_wconf 93' lang='grc'>5.</span> <span class='ocrx_word' id='word_1_215' title='bbox 333 1078 416 1105; x_wconf 85' lang='lat' dir='ltr'>videri</span> <span class='ocrx_word' id='word_1_216' title='bbox 436 1089 524 1115; x_wconf 85' lang='lat' dir='ltr'>posse.</span> <span class='ocrx_word' id='word_1_217' title='bbox 545 1079 574 1105; x_wconf 91' lang='lat' dir='ltr'>fr.</span> <span class='ocrx_word' id='word_1_218' title='bbox 594 1081 635 1105; x_wconf 86' lang='lat'>24.</span> <span class='ocrx_word' id='word_1_219' title='bbox 659 1079 679 1113; x_wconf 86' lang='lat'>5</span> <span class='ocrx_word' id='word_1_220' title='bbox 701 1081 724 1105; x_wconf 86' lang='lat'>2.</span> <span class='ocrx_word' id='word_1_221' title='bbox 749 1079 781 1105; x_wconf 86' lang='lat' dir='ltr'>dc</span> <span class='ocrx_word' id='word_1_222' title='bbox 806 1079 891 1105; x_wconf 80' lang='lat' dir='ltr'>fideic.</span> <span class='ocrx_word' id='word_1_223' title='bbox 916 1080 979 1107; x_wconf 90' lang='lat' dir='ltr'>libb.</span> <span class='ocrx_word' id='word_1_224' title='bbox 1000 1083 1041 1107; x_wconf 88' lang='lat'>40.</span> 
     </span>
     <span class='ocr_line' id='line_1_23' title="bbox 204 1120 1043 1159; baseline 0.002 -12"><span class='ocrx_word' id='word_1_225' title='bbox 204 1122 228 1146; x_wconf 89' lang='lat'>5.</span> <span class='ocrx_word' id='word_1_226' title='bbox 248 1120 278 1147; x_wconf 88' lang='lat' dir='ltr'>fr.</span> <span class='ocrx_word' id='word_1_227' title='bbox 297 1123 321 1147; x_wconf 88' lang='lat'>4.</span> <span class='ocrx_word' id='word_1_228' title='bbox 347 1120 379 1147; x_wconf 87' lang='lat' dir='ltr'>de</span> <span class='ocrx_word' id='word_1_229' title='bbox 403 1127 468 1148; x_wconf 87' lang='lat' dir='ltr'>extr.</span> <span class='ocrx_word' id='word_1_230' title='bbox 494 1123 566 1148; x_wconf 82' lang='lat' dir='ltr'>crim.</span> <span class='ocrx_word' id='word_1_231' title='bbox 590 1123 630 1147; x_wconf 85' lang='lat'>47.</span> <span class='ocrx_word' id='word_1_232' title='bbox 658 1123 697 1147; x_wconf 93' lang='lat'>11.</span> <span class='ocrx_word' id='word_1_233' title='bbox 739 1122 805 1153; x_wconf 78' lang='lat' dir='ltr'>Aut,</span> <span class='ocrx_word' id='word_1_234' title='bbox 829 1122 900 1159; x_wconf 89' lang='lat' dir='ltr'>quod</span> <span class='ocrx_word' id='word_1_235' title='bbox 919 1127 960 1149; x_wconf 86' lang='lat' dir='ltr'>est</span> <span class='ocrx_word' id='word_1_236' title='bbox 978 1123 1043 1150; x_wconf 90' lang='lat' dir='ltr'>indi-</span> 
     </span>
     <span class='ocr_line' id='line_1_24' title="bbox 204 1163 833 1199; baseline 0 -9"><span class='ocrx_word' id='word_1_237' title='bbox 204 1164 279 1199; x_wconf 81' lang='lat' dir='ltr'>gnius</span> <span class='ocrx_word' id='word_1_238' title='bbox 299 1168 349 1190; x_wconf 90' lang='lat' dir='ltr'>etc.</span> <span class='ocrx_word' id='word_1_239' title='bbox 369 1163 399 1190; x_wconf 88' lang='lat' dir='ltr'>fr.</span> <span class='ocrx_word' id='word_1_240' title='bbox 421 1166 460 1190; x_wconf 90' lang='lat'>17.</span> <span class='ocrx_word' id='word_1_241' title='bbox 481 1165 502 1198; x_wconf 89' lang='lat'>5.</span> <span class='ocrx_word' id='word_1_242' title='bbox 522 1166 564 1190; x_wconf 87' lang='lat'>22.</span> <span class='ocrx_word' id='word_1_243' title='bbox 584 1164 616 1190; x_wconf 91' lang='lat' dir='ltr'>de</span> <span class='ocrx_word' id='word_1_244' title='bbox 636 1165 710 1190; x_wconf 88' lang='lat' dir='ltr'>iniur.</span> <span class='ocrx_word' id='word_1_245' title='bbox 730 1166 771 1191; x_wconf 83' lang='lat'>47.</span> <span class='ocrx_word' id='word_1_246' title='bbox 793 1166 833 1191; x_wconf 87' lang='lat'>10.</span> 
     </span>
    </p>

    <p class='ocr_par' dir='ltr' id='par_1_5' title="bbox 204 1206 1044 1329">
     <span class='ocr_line' id='line_1_25' title="bbox 240 1206 1044 1245; baseline 0.004 -13"><span class='ocrx_word' id='word_1_247' title='bbox 240 1207 502 1241; x_wconf 78' lang='lat' dir='ltr'>Indiligentia.</span> <span class='ocrx_word' id='word_1_248' title='bbox 529 1209 670 1234; x_wconf 67' lang='lat' dir='ltr'>[nt-uria.</span> <span class='ocrx_word' id='word_1_249' title='bbox 691 1206 732 1233; x_wconf 91' lang='lat' dir='ltr'>III.</span> <span class='ocrx_word' id='word_1_250' title='bbox 762 1209 827 1235; x_wconf 76' lang='lat' dir='ltr'>Cn.</span> <span class='ocrx_word' id='word_1_251' title='bbox 848 1207 951 1243; x_wconf 80' lang='lat' dir='ltr'>Quodsi</span> <span class='ocrx_word' id='word_1_252' title='bbox 970 1219 1044 1245; x_wconf 84' lang='lat' dir='ltr'>prae-</span> 
     </span>
     <span class='ocr_line' id='line_1_26' title="bbox 204 1249 1043 1288; baseline 0.004 -13"><span class='ocrx_word' id='word_1_253' title='bbox 204 1250 267 1275; x_wconf 80' lang='lat' dir='ltr'>stari</span> <span class='ocrx_word' id='word_1_254' title='bbox 287 1255 441 1276; x_wconf 84' lang='lat' dir='ltr'>consuetum</span> <span class='ocrx_word' id='word_1_255' title='bbox 461 1249 623 1285; x_wconf 71' lang='lat' dir='ltr'>indiligentia</span> <span class='ocrx_word' id='word_1_256' title='bbox 644 1249 690 1283; x_wconf 77' lang='lat' dir='ltr'>[al.</span> <span class='ocrx_word' id='word_1_257' title='bbox 711 1250 889 1286; x_wconf 74' lang='lat' dir='ltr'>indulgentia]</span> <span class='ocrx_word' id='word_1_258' title='bbox 909 1251 1043 1288; x_wconf 81' lang='lat' dir='ltr'>publicani</span> 
     </span>
     <span class='ocr_line' id='line_1_27' title="bbox 204 1292 824 1329; baseline 0.002 -11"><span class='ocrx_word' id='word_1_259' title='bbox 204 1292 336 1318; x_wconf 79' lang='lat' dir='ltr'>omiserat.</span> <span class='ocrx_word' id='word_1_260' title='bbox 357 1292 386 1319; x_wconf 86' lang='lat' dir='ltr'>fr.</span> <span class='ocrx_word' id='word_1_261' title='bbox 407 1294 430 1318; x_wconf 84' lang='lat'>9.</span> <span class='ocrx_word' id='word_1_262' title='bbox 451 1292 472 1326; x_wconf 83' lang='lat'>5.</span> <span class='ocrx_word' id='word_1_263' title='bbox 493 1293 516 1318; x_wconf 82' lang='lat'>6.</span> <span class='ocrx_word' id='word_1_264' title='bbox 537 1292 569 1318; x_wconf 80' lang='lat' dir='ltr'>de</span> <span class='ocrx_word' id='word_1_265' title='bbox 589 1292 719 1329; x_wconf 84' lang='lat' dir='ltr'>publican.</span> <span class='ocrx_word' id='word_1_266' title='bbox 739 1295 781 1319; x_wconf 77' lang='lat'>39.</span> <span class='ocrx_word' id='word_1_267' title='bbox 801 1295 824 1319; x_wconf 83' lang='lat'>4.</span> 
     </span>
    </p>

    <p class='ocr_par' dir='ltr' id='par_1_6' title="bbox 202 1335 1044 1628">
     <span class='ocr_line' id='line_1_28' title="bbox 239 1335 1043 1375; baseline 0.004 -14"><span class='ocrx_word' id='word_1_268' title='bbox 239 1335 437 1368; x_wconf 74' lang='lat' dir='ltr'>Indipisci.</span> <span class='ocrx_word' id='word_1_269' title='bbox 474 1337 639 1369; x_wconf 76' lang='lat' dir='ltr'>Adipisci,</span> <span class='ocrx_word' id='word_1_270' title='bbox 660 1337 823 1363; x_wconf 67' lang='lat' dir='ltr'>Nancisci.</span> <span class='ocrx_word' id='word_1_271' title='bbox 848 1336 866 1363; x_wconf 94' lang='lat' dir='ltr'>I.</span> <span class='ocrx_word' id='word_1_272' title='bbox 880 1338 941 1371; x_wconf 78' lang='lat' dir='ltr'>Sy.</span> <span class='ocrx_word' id='word_1_273' title='bbox 960 1337 1043 1375; x_wconf 83' lang='lat' dir='ltr'>Impe-</span> 
     </span>
     <span class='ocr_line' id='line_1_29' title="bbox 203 1377 1044 1414; baseline 0.005 -11"><span class='ocrx_word' id='word_1_274' title='bbox 203 1381 280 1409; x_wconf 72' lang='lat' dir='ltr'>trare,</span> <span class='ocrx_word' id='word_1_275' title='bbox 300 1377 429 1414; x_wconf 70' lang='lat' dir='ltr'>Adipisci.</span> <span class='ocrx_word' id='word_1_276' title='bbox 450 1377 499 1404; x_wconf 90' lang='lat' dir='ltr'>Th.</span> <span class='ocrx_word' id='word_1_277' title='bbox 521 1378 551 1404; x_wconf 82' lang='lat' dir='ltr'>C.</span> <span class='ocrx_word' id='word_1_278' title='bbox 574 1377 614 1404; x_wconf 70' lang='lat' dir='ltr'>VI.</span> <span class='ocrx_word' id='word_1_279' title='bbox 640 1379 679 1404; x_wconf 77' lang='lat'>16.</span> <span class='ocrx_word' id='word_1_280' title='bbox 705 1389 725 1405; x_wconf 90' lang='lat' dir='ltr'>c.</span> <span class='ocrx_word' id='word_1_281' title='bbox 749 1381 769 1405; x_wconf 96' lang='lat' dir='ltr'>l.</span> <span class='ocrx_word' id='word_1_282' title='bbox 795 1379 827 1405; x_wconf 92' lang='lat' dir='ltr'>de</span> <span class='ocrx_word' id='word_1_283' title='bbox 851 1381 937 1406; x_wconf 73' lang='lat' dir='ltr'>comit.</span> <span class='ocrx_word' id='word_1_284' title='bbox 962 1386 988 1407; x_wconf 90' lang='lat' dir='ltr'>et</span> <span class='ocrx_word' id='word_1_285' title='bbox 1007 1391 1044 1407; x_wconf 84' lang='lat' dir='ltr'>ar-</span> 
     </span>
     <span class='ocr_line' id='line_1_30' title="bbox 204 1419 1043 1458; baseline 0.005 -12"><span class='ocrx_word' id='word_1_286' title='bbox 204 1419 294 1446; x_wconf 84' lang='lat' dir='ltr'>chiatr.</span> <span class='ocrx_word' id='word_1_287' title='bbox 314 1419 358 1446; x_wconf 68' lang='lat' dir='ltr'>Vl.</span> <span class='ocrx_word' id='word_1_288' title='bbox 382 1422 424 1446; x_wconf 85' lang='lat'>22.</span> <span class='ocrx_word' id='word_1_289' title='bbox 449 1431 470 1447; x_wconf 89' lang='lat' dir='ltr'>c.</span> <span class='ocrx_word' id='word_1_290' title='bbox 492 1422 514 1447; x_wconf 78' lang='lat'>1.</span> <span class='ocrx_word' id='word_1_291' title='bbox 542 1431 562 1447; x_wconf 89' lang='lat' dir='ltr'>c.</span> <span class='ocrx_word' id='word_1_292' title='bbox 583 1422 606 1447; x_wconf 82' lang='lat'>8.</span> <span class='ocrx_word' id='word_1_293' title='bbox 631 1431 670 1458; x_wconf 89' lang='lat' dir='ltr'>pr.</span> <span class='ocrx_word' id='word_1_294' title='bbox 695 1422 715 1455; x_wconf 84' lang='lat'>5</span> <span class='ocrx_word' id='word_1_295' title='bbox 739 1423 760 1448; x_wconf 89' lang='lat'>1.</span> <span class='ocrx_word' id='word_1_296' title='bbox 787 1421 819 1448; x_wconf 92' lang='lat' dir='ltr'>de</span> <span class='ocrx_word' id='word_1_297' title='bbox 844 1422 934 1449; x_wconf 82' lang='lat' dir='ltr'>honor.</span> <span class='ocrx_word' id='word_1_298' title='bbox 961 1423 1043 1450; x_wconf 85' lang='lat' dir='ltr'>codic.</span> 
     </span>
     <span class='ocr_line' id='line_1_31' title="bbox 203 1461 1043 1503; baseline 0.006 -15"><span class='ocrx_word' id='word_1_299' title='bbox 203 1461 246 1488; x_wconf 89' lang='grc'>111.</span> <span class='ocrx_word' id='word_1_300' title='bbox 261 1464 327 1490; x_wconf 72' lang='lat' dir='ltr'>Cn.</span> <span class='ocrx_word' id='word_1_301' title='bbox 348 1463 401 1498; x_wconf 90' lang='lat' dir='ltr'>Qui</span> <span class='ocrx_word' id='word_1_302' title='bbox 421 1463 520 1499; x_wconf 79' lang='lat' dir='ltr'>aliquid</span> <span class='ocrx_word' id='word_1_303' title='bbox 540 1479 571 1483; x_wconf 84' lang='lat'><em>-</em></span> <span class='ocrx_word' id='word_1_304' title='bbox 592 1469 754 1493; x_wconf 78' lang='lat' dir='ltr'>meruerunt,</span> <span class='ocrx_word' id='word_1_305' title='bbox 780 1466 918 1492; x_wconf 73' lang='lat' dir='ltr'>restituere</span> <span class='ocrx_word' id='word_1_306' title='bbox 938 1465 1043 1503; x_wconf 83' lang='lat' dir='ltr'>indepta</span> 
     </span>
     <span class='ocr_line' id='line_1_32' title="bbox 204 1505 1042 1544; baseline 0.005 -13"><span class='ocrx_word' id='word_1_307' title='bbox 204 1511 337 1541; x_wconf 76' lang='lat' dir='ltr'>cogantur.</span> <span class='ocrx_word' id='word_1_308' title='bbox 358 1505 394 1531; x_wconf 87' lang='lat' dir='ltr'>lb.</span> <span class='ocrx_word' id='word_1_309' title='bbox 408 1505 452 1532; x_wconf 79' lang='lat' dir='ltr'>IX.</span> <span class='ocrx_word' id='word_1_310' title='bbox 467 1508 507 1532; x_wconf 82' lang='lat'>42.</span> <span class='ocrx_word' id='word_1_311' title='bbox 528 1516 548 1532; x_wconf 84' lang='lat' dir='ltr'>c.</span> <span class='ocrx_word' id='word_1_312' title='bbox 566 1508 604 1532; x_wconf 86' lang='grc'>13.</span> <span class='ocrx_word' id='word_1_313' title='bbox 625 1506 657 1533; x_wconf 84' lang='lat' dir='ltr'>de</span> <span class='ocrx_word' id='word_1_314' title='bbox 671 1507 731 1533; x_wconf 87' lang='lat' dir='ltr'>bon.</span> <span class='ocrx_word' id='word_1_315' title='bbox 750 1517 850 1544; x_wconf 87' lang='lat' dir='ltr'>proscr.</span> <span class='ocrx_word' id='word_1_316' title='bbox 888 1508 974 1544; x_wconf 85' lang='lat' dir='ltr'>Quem</span> <span class='ocrx_word' id='word_1_317' title='bbox 994 1513 1042 1540; x_wconf 85' lang='lat' dir='ltr'>(sc.</span> 
     </span>
     <span class='ocr_line' id='line_1_33' title="bbox 202 1547 1042 1589; baseline 0.005 -15"><span class='ocrx_word' id='word_1_318' title='bbox 202 1547 308 1581; x_wconf 76' lang='lat' dir='ltr'>filium.)</span> <span class='ocrx_word' id='word_1_319' title='bbox 328 1550 460 1575; x_wconf 82' lang='lat' dir='ltr'>senatorio</span> <span class='ocrx_word' id='word_1_320' title='bbox 480 1549 590 1575; x_wconf 86' lang='lat' dir='ltr'>necdum</span> <span class='ocrx_word' id='word_1_321' title='bbox 610 1549 718 1586; x_wconf 85' lang='lat' dir='ltr'>indepto</span> <span class='ocrx_word' id='word_1_322' title='bbox 732 1549 839 1582; x_wconf 80' lang='lat' dir='ltr'>honore,</span> <span class='ocrx_word' id='word_1_323' title='bbox 859 1553 986 1589; x_wconf 76' lang='lat' dir='ltr'>suscepit.</span> <span class='ocrx_word' id='word_1_324' title='bbox 1005 1552 1042 1579; x_wconf 93' lang='lat' dir='ltr'>Ib.</span> 
     </span>
     <span class='ocr_line' id='line_1_34' title="bbox 203 1590 674 1628; baseline 0.004 -12"><span class='ocrx_word' id='word_1_325' title='bbox 203 1590 260 1617; x_wconf 80' lang='lat' dir='ltr'>XII.</span> <span class='ocrx_word' id='word_1_326' title='bbox 283 1593 305 1617; x_wconf 93' lang='lat' dir='ltr'>l.</span> <span class='ocrx_word' id='word_1_327' title='bbox 328 1601 348 1618; x_wconf 84' lang='lat' dir='ltr'>c.</span> <span class='ocrx_word' id='word_1_328' title='bbox 370 1593 410 1617; x_wconf 86' lang='lat'>74.</span> <span class='ocrx_word' id='word_1_329' title='bbox 430 1601 469 1628; x_wconf 84' lang='lat' dir='ltr'>pr.</span> <span class='ocrx_word' id='word_1_330' title='bbox 490 1591 522 1618; x_wconf 84' lang='grc'>(18</span> <span class='ocrx_word' id='word_1_331' title='bbox 541 1592 674 1618; x_wconf 85' lang='lat' dir='ltr'>decurion.</span> 
     </span>
    </p>

    <p class='ocr_par' dir='ltr' id='par_1_7' title="bbox 203 1633 1045 1830">
     <span class='ocr_line' id='line_1_35' title="bbox 240 1633 1043 1671; baseline 0.005 -12"><span class='ocrx_word' id='word_1_332' title='bbox 240 1633 468 1660; x_wconf 74' lang='lat' dir='ltr'>Indiscrete.</span> <span class='ocrx_word' id='word_1_333' title='bbox 506 1634 629 1668; x_wconf 83' lang='lat' dir='ltr'>(Advb.)</span> <span class='ocrx_word' id='word_1_334' title='bbox 668 1637 744 1662; x_wconf 83' lang='lat' dir='ltr'>Sine</span> <span class='ocrx_word' id='word_1_335' title='bbox 772 1639 900 1663; x_wconf 74' lang='lat' dir='ltr'>delectu.</span> <span class='ocrx_word' id='word_1_336' title='bbox 937 1636 955 1663; x_wconf 92' lang='lat' dir='ltr'>I.</span> <span class='ocrx_word' id='word_1_337' title='bbox 982 1637 1043 1671; x_wconf 78' lang='lat' dir='ltr'>Sy.</span> 
     </span>
     <span class='ocr_line' id='line_1_36' title="bbox 205 1674 1043 1716; baseline 0.006 -15"><span class='ocrx_word' id='word_1_338' title='bbox 205 1674 268 1701; x_wconf 88' lang='lat' dir='ltr'>Sine</span> <span class='ocrx_word' id='word_1_339' title='bbox 287 1675 340 1702; x_wconf 84' lang='lat' dir='ltr'>ulla</span> <span class='ocrx_word' id='word_1_340' title='bbox 360 1676 537 1703; x_wconf 88' lang='lat' dir='ltr'>distinctione.</span> <span class='ocrx_word' id='word_1_341' title='bbox 558 1677 586 1704; x_wconf 93' lang='lat' dir='ltr'>fr.</span> <span class='ocrx_word' id='word_1_342' title='bbox 607 1680 647 1704; x_wconf 86' lang='lat'>25.</span> <span class='ocrx_word' id='word_1_343' title='bbox 669 1688 706 1715; x_wconf 90' lang='lat' dir='ltr'>pr.</span> <span class='ocrx_word' id='word_1_344' title='bbox 732 1679 753 1712; x_wconf 85' lang='lat'>5.</span> <span class='ocrx_word' id='word_1_345' title='bbox 776 1680 800 1705; x_wconf 88' lang='lat'>4.</span> <span class='ocrx_word' id='word_1_346' title='bbox 825 1678 858 1705; x_wconf 82' lang='lat' dir='ltr'>de</span> <span class='ocrx_word' id='word_1_347' title='bbox 881 1679 982 1716; x_wconf 78' lang='lat' dir='ltr'>probat.</span> <span class='ocrx_word' id='word_1_348' title='bbox 1001 1681 1043 1706; x_wconf 89' lang='lat'>22.</span> 
     </span>
     <span class='ocr_line' id='line_1_37' title="bbox 203 1717 1045 1753; baseline 0.005 -9"><span class='ocrx_word' id='word_1_349' title='bbox 203 1718 228 1744; x_wconf 86' lang='lat'>3.</span> <span class='ocrx_word' id='word_1_350' title='bbox 247 1717 289 1744; x_wconf 91' lang='lat' dir='ltr'>III.</span> <span class='ocrx_word' id='word_1_351' title='bbox 307 1719 372 1746; x_wconf 75' lang='lat' dir='ltr'>Cn.</span> <span class='ocrx_word' id='word_1_352' title='bbox 392 1718 451 1745; x_wconf 84' lang='lat' dir='ltr'>Non</span> <span class='ocrx_word' id='word_1_353' title='bbox 472 1719 591 1752; x_wconf 79' lang='lat' dir='ltr'>indiscr.,</span> <span class='ocrx_word' id='word_1_354' title='bbox 611 1721 658 1747; x_wconf 82' lang='lat' dir='ltr'>scd</span> <span class='ocrx_word' id='word_1_355' title='bbox 678 1731 736 1747; x_wconf 91' lang='lat' dir='ltr'>cum</span> <span class='ocrx_word' id='word_1_356' title='bbox 754 1721 886 1748; x_wconf 83' lang='lat' dir='ltr'>moderata</span> <span class='ocrx_word' id='word_1_357' title='bbox 906 1721 1045 1753; x_wconf 74' lang='lat' dir='ltr'>divisione.</span> 
     </span>
     <span class='ocr_line' id='line_1_38' title="bbox 205 1760 1044 1800; baseline 0.006 -14"><span class='ocrx_word' id='word_1_358' title='bbox 205 1760 246 1793; x_wconf 87' lang='lat' dir='ltr'>(ei</span> <span class='ocrx_word' id='word_1_359' title='bbox 265 1762 391 1797; x_wconf 84' lang='lat' dir='ltr'>praestari</span> <span class='ocrx_word' id='word_1_360' title='bbox 410 1761 559 1795; x_wconf 79' lang='lat' dir='ltr'>auxilium.)</span> <span class='ocrx_word' id='word_1_361' title='bbox 586 1773 607 1789; x_wconf 88' lang='lat' dir='ltr'>c.</span> <span class='ocrx_word' id='word_1_362' title='bbox 626 1765 649 1790; x_wconf 82' lang='lat'>8.</span> <span class='ocrx_word' id='word_1_363' title='bbox 679 1764 701 1797; x_wconf 89' lang='lat'>5.</span> <span class='ocrx_word' id='word_1_364' title='bbox 724 1766 744 1790; x_wconf 89' lang='lat' dir='ltr'>l.</span> <span class='ocrx_word' id='word_1_365' title='bbox 770 1764 803 1790; x_wconf 90' lang='lat' dir='ltr'>de</span> <span class='ocrx_word' id='word_1_366' title='bbox 822 1774 937 1800; x_wconf 80' lang='lat' dir='ltr'>praescr.</span> <span class='ocrx_word' id='word_1_367' title='bbox 957 1764 1044 1791; x_wconf 82' lang='lat' dir='ltr'>XXX.</span> 
     </span>
     <span class='ocr_line' id='line_1_39' title="bbox 205 1804 294 1830; baseline 0.011 -1"><span class='ocrx_word' id='word_1_368' title='bbox 205 1804 227 1829; x_wconf 83' lang='lat'>7.</span> <span class='ocrx_word' id='word_1_369' title='bbox 252 1805 294 1830; x_wconf 86' lang='grc'>39.</span> 
     </span>
    </p>

    <p class='ocr_par' dir='ltr' id='par_1_8' title="bbox 204 1845 1044 2011">
     <span class='ocr_line' id='line_1_40' title="bbox 241 1845 1044 1884; baseline 0.004 -12"><span class='ocrx_word' id='word_1_370' title='bbox 241 1845 496 1873; x_wconf 80' lang='lat' dir='ltr'>ludiscretim.</span> <span class='ocrx_word' id='word_1_371' title='bbox 533 1847 613 1873; x_wconf 82' lang='lat' dir='ltr'>Idem.</span> <span class='ocrx_word' id='word_1_372' title='bbox 654 1847 698 1874; x_wconf 92' lang='grc'>111.</span> <span class='ocrx_word' id='word_1_373' title='bbox 719 1849 784 1875; x_wconf 76' lang='lat' dir='ltr'>Gn.</span> <span class='ocrx_word' id='word_1_374' title='bbox 815 1848 890 1884; x_wconf 87' lang='lat' dir='ltr'>Quos</span> <span class='ocrx_word' id='word_1_375' title='bbox 917 1850 969 1881; x_wconf 86' lang='lat' dir='ltr'>(sc.</span> <span class='ocrx_word' id='word_1_376' title='bbox 995 1849 1044 1876; x_wconf 86' lang='lat' dir='ltr'>cle-</span> 
     </span>
     <span class='ocr_line' id='line_1_41' title="bbox 204 1888 1044 1923; baseline 0.006 -10"><span class='ocrx_word' id='word_1_377' title='bbox 204 1888 288 1920; x_wconf 87' lang='lat' dir='ltr'>ricos)</span> <span class='ocrx_word' id='word_1_378' title='bbox 307 1888 413 1914; x_wconf 89' lang='lat' dir='ltr'>indiscr.</span> <span class='ocrx_word' id='word_1_379' title='bbox 435 1889 467 1915; x_wconf 87' lang='lat' dir='ltr'>ad</span> <span class='ocrx_word' id='word_1_380' title='bbox 486 1889 632 1915; x_wconf 78' lang='lat' dir='ltr'>saeculares</span> <span class='ocrx_word' id='word_1_381' title='bbox 652 1890 752 1916; x_wconf 88' lang='lat' dir='ltr'>iudices</span> <span class='ocrx_word' id='word_1_382' title='bbox 770 1890 866 1917; x_wconf 82' lang='lat' dir='ltr'>debere</span> <span class='ocrx_word' id='word_1_383' title='bbox 886 1891 988 1923; x_wconf 75' lang='lat' dir='ltr'>deduci.</span> <span class='ocrx_word' id='word_1_384' title='bbox 1007 1893 1044 1918; x_wconf 88' lang='lat' dir='ltr'>in-</span> 
     </span>
     <span class='ocr_line' id='line_1_42' title="bbox 204 1930 1042 1969; baseline 0.005 -13"><span class='ocrx_word' id='word_1_385' title='bbox 204 1930 306 1957; x_wconf 84' lang='lat' dir='ltr'>faustus</span> <span class='ocrx_word' id='word_1_386' title='bbox 324 1936 489 1968; x_wconf 78' lang='lat' dir='ltr'>praesumtor</span> <span class='ocrx_word' id='word_1_387' title='bbox 508 1932 634 1958; x_wconf 81' lang='lat' dir='ltr'>edixerat.</span> <span class='ocrx_word' id='word_1_388' title='bbox 659 1932 707 1959; x_wconf 93' lang='lat' dir='ltr'>Th.</span> <span class='ocrx_word' id='word_1_389' title='bbox 728 1933 759 1959; x_wconf 86' lang='lat' dir='ltr'>C.</span> <span class='ocrx_word' id='word_1_390' title='bbox 779 1933 849 1960; x_wconf 80' lang='lat' dir='ltr'>XVI.</span> <span class='ocrx_word' id='word_1_391' title='bbox 869 1937 892 1960; x_wconf 91' lang='lat'>2.</span> <span class='ocrx_word' id='word_1_392' title='bbox 919 1945 941 1960; x_wconf 89' lang='lat' dir='ltr'>c.</span> <span class='ocrx_word' id='word_1_393' title='bbox 959 1936 1001 1961; x_wconf 83' lang='lat'>47.</span> <span class='ocrx_word' id='word_1_394' title='bbox 1021 1935 1042 1969; x_wconf 85' lang='lat'>5.</span> 
     </span>
     <span class='ocr_line' id='line_1_43' title="bbox 206 1974 467 2011; baseline 0 -11"><span class='ocrx_word' id='word_1_395' title='bbox 206 1975 228 2000; x_wconf 86' lang='lat'>1.</span> <span class='ocrx_word' id='word_1_396' title='bbox 250 1974 283 2000; x_wconf 90' lang='lat' dir='ltr'>de</span> <span class='ocrx_word' id='word_1_397' title='bbox 303 1975 383 2011; x_wconf 81' lang='lat' dir='ltr'>episc.</span> <span class='ocrx_word' id='word_1_398' title='bbox 405 1974 467 2000; x_wconf 90' lang='lat' dir='ltr'>eccl.</span> 
     </span>
    </p>

    <p class='ocr_par' dir='ltr' id='par_1_9' title="bbox 205 2017 1043 2136">
     <span class='ocr_line' id='line_1_44' title="bbox 239 2017 1042 2052; baseline 0.004 -9"><span class='ocrx_word' id='word_1_399' title='bbox 239 2017 488 2044; x_wconf 73' lang='lat' dir='ltr'>Indiscretus.</span> <span class='ocrx_word' id='word_1_400' title='bbox 516 2017 644 2051; x_wconf 66' lang='lat' dir='ltr'>(Adiect.)</span> <span class='ocrx_word' id='word_1_401' title='bbox 675 2020 744 2045; x_wconf 74' lang='lat' dir='ltr'>Non</span> <span class='ocrx_word' id='word_1_402' title='bbox 767 2020 966 2052; x_wconf 76' lang='lat' dir='ltr'>disiunctus,</span> <span class='ocrx_word' id='word_1_403' title='bbox 986 2022 1042 2046; x_wconf 80' lang='lat' dir='ltr'>Ae-</span> 
     </span>
     <span class='ocr_line' id='line_1_45' title="bbox 205 2059 1043 2099; baseline 0.002 -13"><span class='ocrx_word' id='word_1_404' title='bbox 205 2062 323 2094; x_wconf 72' lang='lat' dir='ltr'>qualis.</span> <span class='ocrx_word' id='word_1_405' title='bbox 360 2059 402 2085; x_wconf 91' lang='grc'>111.</span> <span class='ocrx_word' id='word_1_406' title='bbox 429 2061 495 2087; x_wconf 73' lang='grc'>011.</span> <span class='ocrx_word' id='word_1_407' title='bbox 518 2060 619 2086; x_wconf 78' lang='lat' dir='ltr'>Maneat</span> <span class='ocrx_word' id='word_1_408' title='bbox 640 2066 749 2087; x_wconf 78' lang='lat' dir='ltr'>cunctos</span> <span class='ocrx_word' id='word_1_409' title='bbox 768 2061 910 2088; x_wconf 83' lang='lat' dir='ltr'>indiscreta</span> <span class='ocrx_word' id='word_1_410' title='bbox 931 2062 1043 2099; x_wconf 82' lang='lat' dir='ltr'>(profes-</span> 
     </span>
     <span class='ocr_line' id='line_1_46' title="bbox 206 2102 1042 2136; baseline 0.005 -9"><span class='ocrx_word' id='word_1_411' title='bbox 206 2103 267 2134; x_wconf 87' lang='lat' dir='ltr'>sio.)</span> <span class='ocrx_word' id='word_1_412' title='bbox 287 2102 323 2128; x_wconf 90' lang='lat' dir='ltr'>lb.</span> <span class='ocrx_word' id='word_1_413' title='bbox 344 2102 387 2128; x_wconf 76' lang='lat' dir='ltr'>VI.</span> <span class='ocrx_word' id='word_1_414' title='bbox 407 2105 431 2128; x_wconf 85' lang='lat'>2.</span> <span class='ocrx_word' id='word_1_415' title='bbox 457 2113 478 2129; x_wconf 84' lang='lat' dir='ltr'>c.</span> <span class='ocrx_word' id='word_1_416' title='bbox 497 2105 520 2129; x_wconf 91' lang='lat'>2.</span> <span class='ocrx_word' id='word_1_417' title='bbox 547 2103 568 2136; x_wconf 90' lang='lat'>5.</span> <span class='ocrx_word' id='word_1_418' title='bbox 588 2106 612 2129; x_wconf 88' lang='lat'>2.</span> <span class='ocrx_word' id='word_1_419' title='bbox 636 2103 668 2129; x_wconf 92' lang='lat' dir='ltr'>de</span> <span class='ocrx_word' id='word_1_420' title='bbox 692 2103 811 2130; x_wconf 81' lang='lat' dir='ltr'>Senator.</span> <span class='ocrx_word' id='word_1_421' title='bbox 848 2104 908 2130; x_wconf 67' lang='lat' dir='ltr'>Non</span> <span class='ocrx_word' id='word_1_422' title='bbox 932 2105 1042 2131; x_wconf 82' lang='lat' dir='ltr'>sinimus</span> 
     </span>
    </p>
   </div>
   <div class='ocr_carea' id='block_1_5' title="bbox 207 2144 1065 2183">
    <p class='ocr_par' dir='ltr' id='par_1_10' title="bbox 207 2144 1065 2183">
     <span class='ocr_line' id='line_1_47' title="bbox 207 2144 1065 2183; baseline 0.005 -13"><span class='ocrx_word' id='word_1_423' title='bbox 207 2144 346 2171; x_wconf 84' lang='lat' dir='ltr'>indiscreta</span> <span class='ocrx_word' id='word_1_424' title='bbox 366 2155 425 2171; x_wconf 84' lang='lat' dir='ltr'>esse</span> <span class='ocrx_word' id='word_1_425' title='bbox 445 2146 569 2179; x_wconf 83' lang='lat' dir='ltr'>(merita.)</span> <span class='ocrx_word' id='word_1_426' title='bbox 589 2146 624 2172; x_wconf 90' lang='lat' dir='ltr'>lh.</span> <span class='ocrx_word' id='word_1_427' title='bbox 644 2146 686 2173; x_wconf 75' lang='lat' dir='ltr'>Vl.</span> <span class='ocrx_word' id='word_1_428' title='bbox 705 2149 746 2173; x_wconf 86' lang='lat'>27.</span> <span class='ocrx_word' id='word_1_429' title='bbox 767 2158 786 2173; x_wconf 85' lang='lat' dir='ltr'>c.</span> <span class='ocrx_word' id='word_1_430' title='bbox 803 2148 841 2173; x_wconf 88' lang='lat'>19.</span> <span class='ocrx_word' id='word_1_431' title='bbox 862 2147 894 2173; x_wconf 86' lang='lat' dir='ltr'>de</span> <span class='ocrx_word' id='word_1_432' title='bbox 913 2153 995 2183; x_wconf 82' lang='lat' dir='ltr'>agent.</span> <span class='ocrx_word' id='word_1_433' title='bbox 1016 2149 1042 2174; x_wconf 91' lang='lat' dir='ltr'>in</span> <span class='ocrx_word' id='word_1_434' title='bbox 1064 2148 1065 2165; x_wconf 66' lang='lat' dir='ltr'>t</span> 
     </span>
    </p>
   </div>
   <div class='ocr_carea' id='block_1_6' title="bbox 207 2186 1041 2269">
    <p class='ocr_par' dir='ltr' id='par_1_11' title="bbox 207 2186 1041 2269">
     <span class='ocr_line' id='line_1_48' title="bbox 207 2186 1041 2226; baseline 0.007 -15"><span class='ocrx_word' id='word_1_435' title='bbox 207 2186 260 2212; x_wconf 88' lang='lat' dir='ltr'>reb.</span> <span class='ocrx_word' id='word_1_436' title='bbox 287 2187 387 2214; x_wconf 79' lang='lat' dir='ltr'>Poenas</span> <span class='ocrx_word' id='word_1_437' title='bbox 403 2188 505 2215; x_wconf 77' lang='lat' dir='ltr'>debitas</span> <span class='ocrx_word' id='word_1_438' title='bbox 519 2190 594 2225; x_wconf 73' lang='lat' dir='ltr'>exigi.</span> <span class='ocrx_word' id='word_1_439' title='bbox 614 2189 754 2215; x_wconf 80' lang='lat' dir='ltr'>indiscreta</span> <span class='ocrx_word' id='word_1_440' title='bbox 769 2189 927 2226; x_wconf 71' lang='lat' dir='ltr'>(dignitate.)</span> <span class='ocrx_word' id='word_1_441' title='bbox 947 2190 983 2217; x_wconf 90' lang='lat' dir='ltr'>Ib.</span> <span class='ocrx_word' id='word_1_442' title='bbox 998 2190 1041 2217; x_wconf 79' lang='lat' dir='ltr'>VI.</span> 
     </span>
     <span class='ocr_line' id='line_1_49' title="bbox 207 2229 754 2269; baseline 0.009 -16"><span class='ocrx_word' id='word_1_443' title='bbox 207 2229 249 2254; x_wconf 84' lang='lat'>35.</span> <span class='ocrx_word' id='word_1_444' title='bbox 269 2239 289 2254; x_wconf 90' lang='lat' dir='ltr'>c.</span> <span class='ocrx_word' id='word_1_445' title='bbox 311 2231 331 2256; x_wconf 96' lang='lat' dir='ltr'>l.</span> <span class='ocrx_word' id='word_1_446' title='bbox 351 2230 384 2256; x_wconf 84' lang='lat' dir='ltr'>de</span> <span class='ocrx_word' id='word_1_447' title='bbox 402 2232 469 2268; x_wconf 65' lang='lat' dir='ltr'>prkv.</span> <span class='ocrx_word' id='word_1_448' title='bbox 490 2241 542 2258; x_wconf 86' lang='lat' dir='ltr'>eor.</span> <span class='ocrx_word' id='word_1_449' title='bbox 563 2242 605 2268; x_wconf 87' lang='lat' dir='ltr'>qu.</span> <span class='ocrx_word' id='word_1_450' title='bbox 625 2233 651 2258; x_wconf 91' lang='lat' dir='ltr'>in</span> <span class='ocrx_word' id='word_1_451' title='bbox 671 2232 754 2269; x_wconf 83' lang='lat' dir='ltr'>S.pal.</span> 
     </span>
    </p>
   </div>
   <div class='ocr_carea' id='block_1_7' title="bbox 244 2271 1065 2310">
    <p class='ocr_par' dir='ltr' id='par_1_12' title="bbox 244 2271 1065 2310">
     <span class='ocr_line' id='line_1_50' title="bbox 244 2271 1065 2310; baseline 0.009 -14"><span class='ocrx_word' id='word_1_452' title='bbox 244 2271 493 2301; x_wconf 77' lang='lat' dir='ltr'>Indiscussus.</span> <span class='ocrx_word' id='word_1_453' title='bbox 530 2274 658 2307; x_wconf 78' lang='lat' dir='ltr'>(Adieet.)</span> <span class='ocrx_word' id='word_1_454' title='bbox 696 2277 764 2302; x_wconf 76' lang='lat' dir='ltr'>Non</span> <span class='ocrx_word' id='word_1_455' title='bbox 781 2286 970 2310; x_wconf 66' lang='lat' dir='ltr'>perpensnS,</span> <span class='ocrx_word' id='word_1_456' title='bbox 990 2278 1042 2303; x_wconf 95' lang='lat' dir='ltr'>In·</span> <span class='ocrx_word' id='word_1_457' title='bbox 1063 2278 1065 2299; x_wconf 74' lang='lat' dir='ltr'>i</span> 
     </span>
    </p>
   </div>
   <div class='ocr_carea' id='block_1_8' title="bbox 208 2315 1043 2780">
    <p class='ocr_par' dir='ltr' id='par_1_13' title="bbox 208 2315 1043 2780">
     <span class='ocr_line' id='line_1_51' title="bbox 208 2315 1041 2355; baseline 0.007 -17"><span class='ocrx_word' id='word_1_458' title='bbox 208 2315 444 2343; x_wconf 63' lang='lat' dir='ltr'>comideratus.</span> <span class='ocrx_word' id='word_1_459' title='bbox 463 2316 506 2343; x_wconf 91' lang='lat'>111.</span> <span class='ocrx_word' id='word_1_460' title='bbox 523 2318 588 2345; x_wconf 71' lang='lat' dir='ltr'>Cn.</span> <span class='ocrx_word' id='word_1_461' title='bbox 608 2317 650 2343; x_wconf 90' lang='lat' dir='ltr'>Sit</span> <span class='ocrx_word' id='word_1_462' title='bbox 668 2318 789 2344; x_wconf 85' lang='lat' dir='ltr'>omnibus</span> <span class='ocrx_word' id='word_1_463' title='bbox 809 2319 981 2355; x_wconf 77' lang='lat' dir='ltr'>inspectionis</span> <span class='ocrx_word' id='word_1_464' title='bbox 1001 2328 1041 2345; x_wconf 90' lang='lat' dir='ltr'>co-</span> 
     </span>
     <span class='ocr_line' id='line_1_52' title="bbox 208 2356 1042 2397; baseline 0.011 -18"><span class='ocrx_word' id='word_1_465' title='bbox 208 2356 263 2391; x_wconf 71' lang='lat' dir='ltr'>pia.</span> <span class='ocrx_word' id='word_1_466' title='bbox 287 2365 353 2391; x_wconf 84' lang='lat' dir='ltr'>quae</span> <span class='ocrx_word' id='word_1_467' title='bbox 378 2357 540 2386; x_wconf 87' lang='lat' dir='ltr'>indiscussos</span> <span class='ocrx_word' id='word_1_468' title='bbox 565 2360 698 2386; x_wconf 83' lang='lat' dir='ltr'>hominum</span> <span class='ocrx_word' id='word_1_469' title='bbox 728 2360 827 2387; x_wconf 73' lang='lat' dir='ltr'>calores</span> <span class='ocrx_word' id='word_1_470' title='bbox 851 2366 940 2397; x_wconf 82' lang='lat' dir='ltr'>potest</span> <span class='ocrx_word' id='word_1_471' title='bbox 964 2361 1042 2388; x_wconf 85' lang='lat' dir='ltr'>refrc-</span> 
     </span>
     <span class='ocr_line' id='line_1_53' title="bbox 209 2397 1042 2440; baseline 0.01 -18"><span class='ocrx_word' id='word_1_472' title='bbox 209 2408 278 2424; x_wconf 83' lang='lat' dir='ltr'>nare.</span> <span class='ocrx_word' id='word_1_473' title='bbox 302 2397 369 2424; x_wconf 68' lang='lat' dir='ltr'>Nov.</span> <span class='ocrx_word' id='word_1_474' title='bbox 388 2400 430 2425; x_wconf 88' lang='grc'>23.</span> <span class='ocrx_word' id='word_1_475' title='bbox 449 2410 470 2426; x_wconf 90' lang='lat' dir='ltr'>c.</span> <span class='ocrx_word' id='word_1_476' title='bbox 491 2403 513 2428; x_wconf 97' lang='lat'>1.</span> <span class='ocrx_word' id='word_1_477' title='bbox 558 2402 736 2429; x_wconf 84' lang='lat' dir='ltr'>Indiscussum</span> <span class='ocrx_word' id='word_1_478' title='bbox 761 2405 897 2440; x_wconf 79' lang='lat' dir='ltr'>praeteriri</span> <span class='ocrx_word' id='word_1_479' title='bbox 920 2414 973 2430; x_wconf 91' lang='lat' dir='ltr'>non</span> <span class='ocrx_word' id='word_1_480' title='bbox 1000 2404 1042 2431; x_wconf 83' lang='grc'>(18-</span> 
     </span>
     <span class='ocr_line' id='line_1_54' title="bbox 209 2440 962 2484; baseline 0.011 -19"><span class='ocrx_word' id='word_1_481' title='bbox 209 2440 261 2466; x_wconf 89' lang='lat' dir='ltr'>bet.</span> <span class='ocrx_word' id='word_1_482' title='bbox 299 2440 365 2466; x_wconf 71' lang='lat' dir='ltr'>Nov.</span> <span class='ocrx_word' id='word_1_483' title='bbox 385 2441 474 2468; x_wconf 77' lang='lat' dir='ltr'>maior.</span> <span class='ocrx_word' id='word_1_484' title='bbox 493 2443 525 2470; x_wconf 84' lang='lat' dir='ltr'>de</span> <span class='ocrx_word' id='word_1_485' title='bbox 543 2445 604 2472; x_wconf 88' lang='lat' dir='ltr'>bon.</span> <span class='ocrx_word' id='word_1_486' title='bbox 625 2445 714 2472; x_wconf 84' lang='lat' dir='ltr'>caduc.</span> <span class='ocrx_word' id='word_1_487' title='bbox 734 2446 776 2472; x_wconf 79' lang='lat' dir='ltr'>IV.</span> <span class='ocrx_word' id='word_1_488' title='bbox 796 2448 819 2472; x_wconf 84' lang='lat'>5.</span> <span class='ocrx_word' id='word_1_489' title='bbox 841 2456 860 2472; x_wconf 92' lang='lat' dir='ltr'>c.</span> <span class='ocrx_word' id='word_1_490' title='bbox 883 2448 904 2473; x_wconf 97' lang='lat' dir='ltr'>l.</span> <span class='ocrx_word' id='word_1_491' title='bbox 923 2457 962 2484; x_wconf 85' lang='lat' dir='ltr'>pr.</span> 
     </span>
     <span class='ocr_line' id='line_1_55' title="bbox 246 2483 1041 2522; baseline 0.01 -14"><span class='ocrx_word' id='word_1_492' title='bbox 246 2483 484 2511; x_wconf 78' lang='lat' dir='ltr'>Indistinete.</span> <span class='ocrx_word' id='word_1_493' title='bbox 521 2487 640 2521; x_wconf 87' lang='lat' dir='ltr'>(Advb.)</span> <span class='ocrx_word' id='word_1_494' title='bbox 677 2489 708 2522; x_wconf 83' lang='lat'>§.</span> <span class='ocrx_word' id='word_1_495' title='bbox 731 2490 766 2515; x_wconf 90' lang='lat'>1.</span> <span class='ocrx_word' id='word_1_496' title='bbox 805 2491 900 2516; x_wconf 70' lang='lat' dir='ltr'>Citra</span> <span class='ocrx_word' id='word_1_497' title='bbox 924 2491 1041 2516; x_wconf 73' lang='lat' dir='ltr'>discri-</span> 
     </span>
     <span class='ocr_line' id='line_1_56' title="bbox 211 2527 1042 2566; baseline 0.01 -16"><span class='ocrx_word' id='word_1_498' title='bbox 211 2535 289 2557; x_wconf 78' lang='lat' dir='ltr'>men,</span> <span class='ocrx_word' id='word_1_499' title='bbox 309 2527 381 2552; x_wconf 82' lang='lat' dir='ltr'>siue</span> <span class='ocrx_word' id='word_1_500' title='bbox 403 2530 596 2561; x_wconf 77' lang='lat' dir='ltr'>exceptione.</span> <span class='ocrx_word' id='word_1_501' title='bbox 632 2530 650 2557; x_wconf 93' lang='grc'>1.</span> <span class='ocrx_word' id='word_1_502' title='bbox 670 2533 731 2566; x_wconf 76' lang='lat' dir='ltr'>sy.</span> <span class='ocrx_word' id='word_1_503' title='bbox 755 2532 818 2558; x_wconf 84' lang='lat' dir='ltr'>Sine</span> <span class='ocrx_word' id='word_1_504' title='bbox 842 2532 928 2565; x_wconf 79' lang='lat' dir='ltr'>(ulla)</span> <span class='ocrx_word' id='word_1_505' title='bbox 952 2531 1042 2558; x_wconf 78' lang='lat' dir='ltr'>distin-</span> 
     </span>
     <span class='ocr_line' id='line_1_57' title="bbox 212 2567 1042 2612; baseline 0.013 -19"><span class='ocrx_word' id='word_1_506' title='bbox 212 2569 306 2594; x_wconf 80' lang='lat' dir='ltr'>ctione.</span> <span class='ocrx_word' id='word_1_507' title='bbox 325 2567 355 2594; x_wconf 84' lang='lat' dir='ltr'>fr.</span> <span class='ocrx_word' id='word_1_508' title='bbox 374 2570 415 2595; x_wconf 76' lang='lat'>24.</span> <span class='ocrx_word' id='word_1_509' title='bbox 435 2570 456 2603; x_wconf 77' lang='lat'>5.</span> <span class='ocrx_word' id='word_1_510' title='bbox 475 2572 498 2596; x_wconf 81' lang='lat'>2.</span> <span class='ocrx_word' id='word_1_511' title='bbox 519 2570 551 2596; x_wconf 81' lang='lat' dir='ltr'>de</span> <span class='ocrx_word' id='word_1_512' title='bbox 569 2572 646 2599; x_wconf 85' lang='lat' dir='ltr'>iudic.</span> <span class='ocrx_word' id='word_1_513' title='bbox 668 2576 692 2600; x_wconf 83' lang='lat'>5.</span> <span class='ocrx_word' id='word_1_514' title='bbox 713 2576 734 2601; x_wconf 91' lang='lat' dir='ltr'>l.</span> <span class='ocrx_word' id='word_1_515' title='bbox 760 2574 790 2601; x_wconf 76' lang='lat' dir='ltr'>tr.</span> <span class='ocrx_word' id='word_1_516' title='bbox 809 2577 850 2601; x_wconf 76' lang='lat'>25.</span> <span class='ocrx_word' id='word_1_517' title='bbox 875 2585 913 2611; x_wconf 80' lang='lat' dir='ltr'>pr.</span> <span class='ocrx_word' id='word_1_518' title='bbox 934 2574 966 2601; x_wconf 86' lang='lat' dir='ltr'>de</span> <span class='ocrx_word' id='word_1_519' title='bbox 983 2585 1042 2612; x_wconf 81' lang='lat' dir='ltr'>pro-</span> 
     </span>
     <span class='ocr_line' id='line_1_58' title="bbox 212 2611 1043 2653; baseline 0.01 -17"><span class='ocrx_word' id='word_1_520' title='bbox 212 2611 263 2637; x_wconf 83' lang='lat' dir='ltr'>bat.</span> <span class='ocrx_word' id='word_1_521' title='bbox 283 2612 325 2637; x_wconf 86' lang='lat'>22.</span> <span class='ocrx_word' id='word_1_522' title='bbox 345 2613 369 2637; x_wconf 88' lang='lat'>3.</span> <span class='ocrx_word' id='word_1_523' title='bbox 405 2611 447 2638; x_wconf 91' lang='lat' dir='ltr'>III.</span> <span class='ocrx_word' id='word_1_524' title='bbox 469 2614 534 2640; x_wconf 75' lang='lat' dir='ltr'>Gn.</span> <span class='ocrx_word' id='word_1_525' title='bbox 565 2613 654 2641; x_wconf 88' lang='lat' dir='ltr'>Indist.</span> <span class='ocrx_word' id='word_1_526' title='bbox 673 2616 786 2653; x_wconf 81' lang='lat' dir='ltr'>adquiri,</span> <span class='ocrx_word' id='word_1_527' title='bbox 812 2628 835 2644; x_wconf 91' lang='lat' dir='ltr'>v.</span> <span class='ocrx_word' id='word_1_528' title='bbox 856 2617 924 2643; x_wconf 84' lang='lat' dir='ltr'>solvi</span> <span class='ocrx_word' id='word_1_529' title='bbox 951 2617 981 2643; x_wconf 87' lang='lat' dir='ltr'>fr.</span> <span class='ocrx_word' id='word_1_530' title='bbox 999 2619 1043 2644; x_wconf 86' lang='lat'>49.</span> 
     </span>
     <span class='ocr_line' id='line_1_59' title="bbox 213 2653 1043 2692; baseline 0.008 -12"><span class='ocrx_word' id='word_1_531' title='bbox 213 2653 244 2681; x_wconf 88' lang='lat' dir='ltr'>de</span> <span class='ocrx_word' id='word_1_532' title='bbox 264 2654 294 2680; x_wconf 90' lang='lat' dir='ltr'>A.</span> <span class='ocrx_word' id='word_1_533' title='bbox 313 2653 344 2680; x_wconf 85' lang='lat' dir='ltr'>R.</span> <span class='ocrx_word' id='word_1_534' title='bbox 364 2653 397 2680; x_wconf 93' lang='lat' dir='ltr'>D.</span> <span class='ocrx_word' id='word_1_535' title='bbox 416 2655 457 2681; x_wconf 90' lang='lat'>41.</span> <span class='ocrx_word' id='word_1_536' title='bbox 479 2657 501 2681; x_wconf 94' lang='lat'>1.</span> <span class='ocrx_word' id='word_1_537' title='bbox 522 2655 550 2682; x_wconf 81' lang='lat' dir='ltr'>fr.</span> <span class='ocrx_word' id='word_1_538' title='bbox 565 2658 587 2681; x_wconf 93' lang='lat'>5.</span> <span class='ocrx_word' id='word_1_539' title='bbox 607 2666 646 2692; x_wconf 88' lang='lat' dir='ltr'>pr.</span> <span class='ocrx_word' id='word_1_540' title='bbox 665 2657 697 2684; x_wconf 84' lang='lat' dir='ltr'>de</span> <span class='ocrx_word' id='word_1_541' title='bbox 715 2660 793 2686; x_wconf 86' lang='lat' dir='ltr'>solut.</span> <span class='ocrx_word' id='word_1_542' title='bbox 807 2662 847 2686; x_wconf 88' lang='lat'>46.</span> <span class='ocrx_word' id='word_1_543' title='bbox 857 2662 881 2686; x_wconf 88' lang='lat'>3.</span> <span class='ocrx_word' id='word_1_544' title='bbox 918 2660 974 2686; x_wconf 85' lang='lat' dir='ltr'>Hoc</span> <span class='ocrx_word' id='word_1_545' title='bbox 987 2661 1043 2687; x_wconf 85' lang='lat' dir='ltr'>iure</span> 
     </span>
     <span class='ocr_line' id='line_1_60' title="bbox 212 2696 1043 2732; baseline 0.011 -10"><span class='ocrx_word' id='word_1_546' title='bbox 212 2696 301 2723; x_wconf 85' lang='lat' dir='ltr'>indist.</span> <span class='ocrx_word' id='word_1_547' title='bbox 321 2697 425 2723; x_wconf 87' lang='lat' dir='ltr'>utimur.</span> <span class='ocrx_word' id='word_1_548' title='bbox 445 2696 475 2724; x_wconf 88' lang='lat' dir='ltr'>fr.</span> <span class='ocrx_word' id='word_1_549' title='bbox 496 2700 535 2724; x_wconf 93' lang='lat' dir='ltr'>ll.</span> <span class='ocrx_word' id='word_1_550' title='bbox 555 2699 576 2732; x_wconf 85' lang='lat'>5.</span> <span class='ocrx_word' id='word_1_551' title='bbox 596 2700 619 2724; x_wconf 87' lang='lat'>9.</span> <span class='ocrx_word' id='word_1_552' title='bbox 641 2699 672 2725; x_wconf 86' lang='lat' dir='ltr'>de</span> <span class='ocrx_word' id='word_1_553' title='bbox 690 2701 872 2729; x_wconf 79' lang='lat' dir='ltr'>iniur.47.10.</span> <span class='ocrx_word' id='word_1_554' title='bbox 904 2703 960 2730; x_wconf 87' lang='lat' dir='ltr'>Ind.</span> <span class='ocrx_word' id='word_1_555' title='bbox 981 2705 1043 2730; x_wconf 87' lang='lat' dir='ltr'>scri-</span> 
     </span>
     <span class='ocr_line' id='line_1_61' title="bbox 212 2739 1042 2780; baseline 0.012 -16"><span class='ocrx_word' id='word_1_556' title='bbox 212 2739 252 2765; x_wconf 85' lang='lat' dir='ltr'>bit</span> <span class='ocrx_word' id='word_1_557' title='bbox 271 2739 428 2772; x_wconf 85' lang='lat' dir='ltr'>(Iulianus.)</span> <span class='ocrx_word' id='word_1_558' title='bbox 452 2739 481 2765; x_wconf 89' lang='lat' dir='ltr'>fr.</span> <span class='ocrx_word' id='word_1_559' title='bbox 500 2741 542 2766; x_wconf 87' lang='grc'>32.</span> <span class='ocrx_word' id='word_1_560' title='bbox 566 2741 587 2774; x_wconf 86' lang='lat'>5.</span> <span class='ocrx_word' id='word_1_561' title='bbox 607 2742 630 2767; x_wconf 86' lang='lat'>6.</span> <span class='ocrx_word' id='word_1_562' title='bbox 656 2741 687 2768; x_wconf 82' lang='grc'>(18</span> <span class='ocrx_word' id='word_1_563' title='bbox 711 2753 761 2770; x_wconf 83' lang='lat' dir='ltr'>rec.</span> <span class='ocrx_word' id='word_1_564' title='bbox 785 2755 826 2780; x_wconf 91' lang='lat' dir='ltr'>qu.</span> <span class='ocrx_word' id='word_1_565' title='bbox 852 2746 904 2772; x_wconf 86' lang='lat' dir='ltr'>arb.</span> <span class='ocrx_word' id='word_1_566' title='bbox 924 2748 947 2772; x_wconf 90' lang='lat'>4.</span> <span class='ocrx_word' id='word_1_567' title='bbox 967 2747 990 2773; x_wconf 85' lang='grc'>8.</span> <span class='ocrx_word' id='word_1_568' title='bbox 1011 2763 1042 2766; x_wconf 85' lang='grc'>-</span> 
     </span>
    </p>
   </div>
   <div class='ocr_carea' id='block_1_9' title="bbox 213 2782 1066 2830">
    <p class='ocr_par' dir='ltr' id='par_1_14' title="bbox 213 2782 1066 2830">
     <span class='ocr_line' id='line_1_62' title="bbox 213 2782 1066 2830; baseline 0.011 -23"><span class='ocrx_word' id='word_1_569' title='bbox 213 2782 244 2814; x_wconf 82' lang='lat'>§.</span> <span class='ocrx_word' id='word_1_570' title='bbox 265 2783 300 2808; x_wconf 69' lang='lat'>2.</span> <span class='ocrx_word' id='word_1_571' title='bbox 322 2784 533 2809; x_wconf 77' lang='lat' dir='ltr'>Generaliter.</span> <span class='ocrx_word' id='word_1_572' title='bbox 570 2783 612 2809; x_wconf 90' lang='grc'>111.</span> <span class='ocrx_word' id='word_1_573' title='bbox 630 2785 695 2811; x_wconf 77' lang='lat' dir='ltr'>Cn.</span> <span class='ocrx_word' id='word_1_574' title='bbox 715 2784 743 2811; x_wconf 83' lang='lat' dir='ltr'>Si</span> <span class='ocrx_word' id='word_1_575' title='bbox 763 2788 834 2822; x_wconf 84' lang='lat' dir='ltr'>optio</span> <span class='ocrx_word' id='word_1_576' title='bbox 853 2788 965 2815; x_wconf 88' lang='lat' dir='ltr'>hominis</span> <span class='ocrx_word' id='word_1_577' title='bbox 985 2789 1042 2815; x_wconf 72' lang='lat' dir='ltr'>data</span> <span class='ocrx_word' id='word_1_578' title='bbox 1064 2793 1066 2830; x_wconf 52' lang='grc' dir='ltr'>’ἰ</span> 
     </span>
    </p>
   </div>
   <div class='ocr_carea' id='block_1_10' title="bbox 1062 232 1069 2780">
    <p class='ocr_par' dir='ltr' id='par_1_15' title="bbox 1062 232 1069 2780">
     <span class='ocr_line' id='line_1_63' title="bbox 1062 232 1069 2780; baseline 0 0"><span class='ocrx_word' id='word_1_579' title='bbox 1062 232 1069 2780; x_wconf 95' lang='lat' dir='ltr'> </span> 
     </span>
    </p>
   </div>
   <div class='ocr_carea' id='block_1_11' title="bbox 1862 152 1924 183">
    <p class='ocr_par' dir='ltr' id='par_1_16' title="bbox 1862 152 1924 183">
     <span class='ocr_line' id='line_1_64' title="bbox 1862 152 1924 183; baseline 0.016 -1"><span class='ocrx_word' id='word_1_580' title='bbox 1862 152 1924 183; x_wconf 86' lang='lat'>459</span> 
     </span>
    </p>
   </div>
   <div class='ocr_carea' id='block_1_12' title="bbox 1064 225 1921 269">
    <p class='ocr_par' dir='ltr' id='par_1_17' title="bbox 1064 225 1921 269">
     <span class='ocr_line' id='line_1_65' title="bbox 1064 225 1921 269; baseline 0.009 -18"><span class='ocrx_word' id='word_1_581' title='bbox 1064 225 1065 230; x_wconf 54' lang='lat'>¹</span> <span class='ocrx_word' id='word_1_582' title='bbox 1087 226 1134 256; x_wconf 88' lang='lat' dir='ltr'>sit,</span> <span class='ocrx_word' id='word_1_583' title='bbox 1158 225 1200 252; x_wconf 78' lang='lat' dir='ltr'>vel</span> <span class='ocrx_word' id='word_1_584' title='bbox 1223 225 1311 253; x_wconf 84' lang='lat' dir='ltr'>indist.</span> <span class='ocrx_word' id='word_1_585' title='bbox 1340 226 1417 253; x_wconf 88' lang='lat' dir='ltr'>homo</span> <span class='ocrx_word' id='word_1_586' title='bbox 1441 227 1540 264; x_wconf 71' lang='lat' dir='ltr'>legatus</span> <span class='ocrx_word' id='word_1_587' title='bbox 1565 229 1608 255; x_wconf 85' lang='lat' dir='ltr'>sit..</span> <span class='ocrx_word' id='word_1_588' title='bbox 1633 229 1663 255; x_wconf 76' lang='lat' dir='ltr'>fr.</span> <span class='ocrx_word' id='word_1_589' title='bbox 1682 230 1706 255; x_wconf 88' lang='lat'>3.</span> <span class='ocrx_word' id='word_1_590' title='bbox 1732 229 1782 265; x_wconf 90' lang='lat' dir='ltr'>Qu.</span> <span class='ocrx_word' id='word_1_591' title='bbox 1803 236 1828 257; x_wconf 77' lang='lat' dir='ltr'>et</span> <span class='ocrx_word' id='word_1_592' title='bbox 1847 242 1860 258; x_wconf 84' lang='lat' dir='ltr'>a</span> <span class='ocrx_word' id='word_1_593' title='bbox 1879 243 1921 269; x_wconf 86' lang='lat' dir='ltr'>qu.</span> 
     </span>
    </p>
   </div>
   <div class='ocr_carea' id='block_1_13' title="bbox 1084 268 1924 1462">
    <p class='ocr_par' dir='ltr' id='par_1_18' title="bbox 1086 268 1922 392">
     <span class='ocr_line' id='line_1_66' title="bbox 1087 268 1921 302; baseline 0.01 -8"><span class='ocrx_word' id='word_1_594' title='bbox 1087 278 1153 294; x_wconf 85' lang='lat' dir='ltr'>man.</span> <span class='ocrx_word' id='word_1_595' title='bbox 1172 270 1213 295; x_wconf 88' lang='lat'>40.</span> <span class='ocrx_word' id='word_1_596' title='bbox 1233 270 1257 296; x_wconf 89' lang='grc'>9.</span> <span class='ocrx_word' id='word_1_597' title='bbox 1294 268 1358 296; x_wconf 85' lang='lat' dir='ltr'>Post</span> <span class='ocrx_word' id='word_1_598' title='bbox 1378 280 1459 297; x_wconf 82' lang='lat' dir='ltr'>annos</span> <span class='ocrx_word' id='word_1_599' title='bbox 1480 271 1532 298; x_wconf 77' lang='lat' dir='ltr'>ind.</span> <span class='ocrx_word' id='word_1_600' title='bbox 1552 271 1619 298; x_wconf 81' lang='lat' dir='ltr'>liber</span> <span class='ocrx_word' id='word_1_601' title='bbox 1639 281 1697 298; x_wconf 76' lang='lat' dir='ltr'>esse</span> <span class='ocrx_word' id='word_1_602' title='bbox 1716 273 1811 300; x_wconf 87' lang='lat' dir='ltr'>iussus.</span> <span class='ocrx_word' id='word_1_603' title='bbox 1831 274 1860 301; x_wconf 87' lang='lat' dir='ltr'>fr.</span> <span class='ocrx_word' id='word_1_604' title='bbox 1882 277 1921 302; x_wconf 88' lang='lat'>17.</span> 
     </span>
     <span class='ocr_line' id='line_1_67' title="bbox 1086 310 1922 345; baseline 0.011 -9"><span class='ocrx_word' id='word_1_605' title='bbox 1086 311 1107 344; x_wconf 88' lang='lat'>5.</span> <span class='ocrx_word' id='word_1_606' title='bbox 1127 312 1150 337; x_wconf 89' lang='lat'>3.</span> <span class='ocrx_word' id='word_1_607' title='bbox 1171 310 1203 337; x_wconf 85' lang='lat' dir='ltr'>de</span> <span class='ocrx_word' id='word_1_608' title='bbox 1221 321 1331 338; x_wconf 84' lang='lat' dir='ltr'>manum.</span> <span class='ocrx_word' id='word_1_609' title='bbox 1358 317 1457 339; x_wconf 85' lang='lat' dir='ltr'>testam.</span> <span class='ocrx_word' id='word_1_610' title='bbox 1482 315 1523 340; x_wconf 90' lang='lat'>40.</span> <span class='ocrx_word' id='word_1_611' title='bbox 1546 315 1569 340; x_wconf 91' lang='lat'>4.</span> <span class='ocrx_word' id='word_1_612' title='bbox 1611 313 1640 340; x_wconf 88' lang='lat' dir='ltr'>Si</span> <span class='ocrx_word' id='word_1_613' title='bbox 1659 314 1712 341; x_wconf 83' lang='lat' dir='ltr'>ind.</span> <span class='ocrx_word' id='word_1_614' title='bbox 1733 315 1808 342; x_wconf 80' lang='lat' dir='ltr'>datus</span> <span class='ocrx_word' id='word_1_615' title='bbox 1828 318 1863 344; x_wconf 86' lang='lat' dir='ltr'>sit</span> <span class='ocrx_word' id='word_1_616' title='bbox 1880 328 1922 345; x_wconf 91' lang='lat' dir='ltr'>cu-</span> 
     </span>
     <span class='ocr_line' id='line_1_68' title="bbox 1087 353 1569 392; baseline 0.008 -13"><span class='ocrx_word' id='word_1_617' title='bbox 1087 358 1164 380; x_wconf 83' lang='lat' dir='ltr'>rator.</span> <span class='ocrx_word' id='word_1_618' title='bbox 1186 353 1216 380; x_wconf 88' lang='lat' dir='ltr'>fr.</span> <span class='ocrx_word' id='word_1_619' title='bbox 1235 355 1261 380; x_wconf 88' lang='lat'>4.</span> <span class='ocrx_word' id='word_1_620' title='bbox 1280 364 1320 392; x_wconf 84' lang='lat' dir='ltr'>pr.</span> <span class='ocrx_word' id='word_1_621' title='bbox 1341 354 1373 381; x_wconf 85' lang='lat' dir='ltr'>de</span> <span class='ocrx_word' id='word_1_622' title='bbox 1392 356 1464 382; x_wconf 87' lang='lat' dir='ltr'>tutel.</span> <span class='ocrx_word' id='word_1_623' title='bbox 1483 358 1525 383; x_wconf 77' lang='lat'>26.</span> <span class='ocrx_word' id='word_1_624' title='bbox 1546 359 1569 383; x_wconf 95' lang='lat' dir='ltr'>l.</span> 
     </span>
    </p>

    <p class='ocr_par' dir='ltr' id='par_1_19' title="bbox 1087 396 1920 514">
     <span class='ocr_line' id='line_1_69' title="bbox 1122 396 1920 433; baseline 0.009 -10"><span class='ocrx_word' id='word_1_625' title='bbox 1122 397 1285 424; x_wconf 74' lang='lat' dir='ltr'>Inditus.</span> <span class='ocrx_word' id='word_1_626' title='bbox 1323 396 1444 431; x_wconf 77' lang='lat' dir='ltr'>(Partie.)</span> <span class='ocrx_word' id='word_1_627' title='bbox 1481 401 1690 433; x_wconf 67' lang='lat' dir='ltr'>Adscriptus,</span> <span class='ocrx_word' id='word_1_628' title='bbox 1715 403 1920 431; x_wconf 73' lang='lat' dir='ltr'>Adtrihutue.</span> 
     </span>
     <span class='ocr_line' id='line_1_70' title="bbox 1087 438 1920 477; baseline 0.01 -12"><span class='ocrx_word' id='word_1_629' title='bbox 1087 438 1142 471; x_wconf 87' lang='lat' dir='ltr'>(Cf.</span> <span class='ocrx_word' id='word_1_630' title='bbox 1162 449 1185 466; x_wconf 92' lang='lat' dir='ltr'>v.</span> <span class='ocrx_word' id='word_1_631' title='bbox 1205 439 1319 473; x_wconf 82' lang='lat' dir='ltr'>ludere.)</span> <span class='ocrx_word' id='word_1_632' title='bbox 1355 439 1374 467; x_wconf 95' lang='lat' dir='ltr'>I.</span> <span class='ocrx_word' id='word_1_633' title='bbox 1400 441 1461 474; x_wconf 78' lang='lat' dir='ltr'>Sy.</span> <span class='ocrx_word' id='word_1_634' title='bbox 1485 440 1597 468; x_wconf 79' lang='lat' dir='ltr'>Adfixus</span> <span class='ocrx_word' id='word_1_635' title='bbox 1617 442 1774 477; x_wconf 74' lang='lat' dir='ltr'>(censibus.)</span> <span class='ocrx_word' id='word_1_636' title='bbox 1795 444 1834 471; x_wconf 92' lang='lat' dir='ltr'>Cf.</span> <span class='ocrx_word' id='word_1_637' title='bbox 1854 445 1879 472; x_wconf 90' lang='lat' dir='ltr'>h.</span> <span class='ocrx_word' id='word_1_638' title='bbox 1897 456 1920 473; x_wconf 86' lang='lat' dir='ltr'>v.</span> 
     </span>
     <span class='ocr_line' id='line_1_71' title="bbox 1087 481 1152 514; baseline 0 -7"><span class='ocrx_word' id='word_1_639' title='bbox 1087 481 1108 514; x_wconf 91' lang='lat'>5.</span> <span class='ocrx_word' id='word_1_640' title='bbox 1128 483 1152 507; x_wconf 84' lang='lat'>2.</span> 
     </span>
    </p>

    <p class='ocr_par' dir='ltr' id='par_1_20' title="bbox 1084 525 1923 1075">
     <span class='ocr_line' id='line_1_72' title="bbox 1122 525 1920 559; baseline 0.009 -8"><span class='ocrx_word' id='word_1_641' title='bbox 1122 525 1364 552; x_wconf 77' lang='lat' dir='ltr'>Individuus.</span> <span class='ocrx_word' id='word_1_642' title='bbox 1389 525 1520 558; x_wconf 81' lang='lat' dir='ltr'>(Adieet.)</span> <span class='ocrx_word' id='word_1_643' title='bbox 1544 526 1574 559; x_wconf 71' lang='lat'>§-</span> <span class='ocrx_word' id='word_1_644' title='bbox 1598 528 1633 554; x_wconf 89' lang='lat'>1.</span> <span class='ocrx_word' id='word_1_645' title='bbox 1653 529 1844 557; x_wconf 76' lang='lat' dir='ltr'>Divisionis</span> <span class='ocrx_word' id='word_1_646' title='bbox 1863 533 1920 558; x_wconf 82' lang='lat' dir='ltr'>im-</span> 
     </span>
     <span class='ocr_line' id='line_1_73' title="bbox 1084 567 1922 605; baseline 0.01 -12"><span class='ocrx_word' id='word_1_647' title='bbox 1084 569 1222 600; x_wconf 69' lang='lat' dir='ltr'>patiens.</span> <span class='ocrx_word' id='word_1_648' title='bbox 1243 567 1334 602; x_wconf 74' lang='lat' dir='ltr'>LSy.</span> <span class='ocrx_word' id='word_1_649' title='bbox 1354 568 1429 603; x_wconf 86' lang='lat' dir='ltr'>Quae</span> <span class='ocrx_word' id='word_1_650' title='bbox 1448 567 1612 602; x_wconf 84' lang='lat' dir='ltr'>divisionem,</span> <span class='ocrx_word' id='word_1_651' title='bbox 1631 580 1652 597; x_wconf 92' lang='lat' dir='ltr'>s.</span> <span class='ocrx_word' id='word_1_652' title='bbox 1666 570 1855 605; x_wconf 53' lang='lat' dir='ltr'>dividuitaten„</span> <span class='ocrx_word' id='word_1_653' title='bbox 1869 584 1922 601; x_wconf 91' lang='lat' dir='ltr'>non</span> 
     </span>
     <span class='ocr_line' id='line_1_74' title="bbox 1086 608 1921 647; baseline 0.012 -13"><span class='ocrx_word' id='word_1_654' title='bbox 1086 608 1234 641; x_wconf 77' lang='lat' dir='ltr'>admittunt.</span> <span class='ocrx_word' id='word_1_655' title='bbox 1254 620 1277 636; x_wconf 86' lang='lat' dir='ltr'>v.</span> <span class='ocrx_word' id='word_1_656' title='bbox 1298 611 1435 647; x_wconf 79' lang='lat' dir='ltr'>recipiunt,</span> <span class='ocrx_word' id='word_1_657' title='bbox 1455 611 1599 638; x_wconf 85' lang='lat' dir='ltr'>Individua.</span> <span class='ocrx_word' id='word_1_658' title='bbox 1623 612 1653 639; x_wconf 87' lang='lat' dir='ltr'>fr.</span> <span class='ocrx_word' id='word_1_659' title='bbox 1675 616 1696 640; x_wconf 92' lang='lat'>1.</span> <span class='ocrx_word' id='word_1_660' title='bbox 1712 615 1733 647; x_wconf 89' lang='lat'>5.</span> <span class='ocrx_word' id='word_1_661' title='bbox 1753 617 1777 642; x_wconf 87' lang='lat'>9.</span> <span class='ocrx_word' id='word_1_662' title='bbox 1797 616 1826 642; x_wconf 87' lang='lat' dir='ltr'>fr.</span> <span class='ocrx_word' id='word_1_663' title='bbox 1848 618 1870 643; x_wconf 92' lang='lat'>7.</span> <span class='ocrx_word' id='word_1_664' title='bbox 1890 617 1921 645; x_wconf 82' lang='lat' dir='ltr'>fr.</span> 
     </span>
     <span class='ocr_line' id='line_1_75' title="bbox 1086 652 1920 694; baseline 0.011 -16"><span class='ocrx_word' id='word_1_665' title='bbox 1086 652 1127 678; x_wconf 81' lang='grc'>80.</span> <span class='ocrx_word' id='word_1_666' title='bbox 1149 652 1213 685; x_wconf 92' lang='lat'>5.1.</span> <span class='ocrx_word' id='word_1_667' title='bbox 1233 652 1264 679; x_wconf 79' lang='lat' dir='ltr'>ad</span> <span class='ocrx_word' id='word_1_668' title='bbox 1282 652 1312 679; x_wconf 93' lang='lat' dir='ltr'>L.</span> <span class='ocrx_word' id='word_1_669' title='bbox 1333 653 1401 680; x_wconf 73' lang='lat' dir='ltr'>Falc.</span> <span class='ocrx_word' id='word_1_670' title='bbox 1421 655 1463 680; x_wconf 89' lang='lat'>35.</span> <span class='ocrx_word' id='word_1_671' title='bbox 1482 656 1505 680; x_wconf 88' lang='lat'>2.</span> <span class='ocrx_word' id='word_1_672' title='bbox 1525 654 1555 680; x_wconf 89' lang='lat' dir='ltr'>fr.</span> <span class='ocrx_word' id='word_1_673' title='bbox 1574 657 1597 680; x_wconf 84' lang='lat'>2.</span> <span class='ocrx_word' id='word_1_674' title='bbox 1618 656 1655 689; x_wconf 88' lang='lat'>55.</span> <span class='ocrx_word' id='word_1_675' title='bbox 1672 657 1692 682; x_wconf 96' lang='lat' dir='ltr'>l.</span> <span class='ocrx_word' id='word_1_676' title='bbox 1713 667 1751 694; x_wconf 84' lang='lat' dir='ltr'>sq.</span> <span class='ocrx_word' id='word_1_677' title='bbox 1772 658 1801 685; x_wconf 89' lang='lat' dir='ltr'>sr.</span> <span class='ocrx_word' id='word_1_678' title='bbox 1816 660 1839 686; x_wconf 89' lang='lat'>4.</span> <span class='ocrx_word' id='word_1_679' title='bbox 1861 661 1883 694; x_wconf 87' lang='lat'>5.</span> <span class='ocrx_word' id='word_1_680' title='bbox 1898 662 1920 687; x_wconf 96' lang='lat' dir='ltr'>l.</span> 
     </span>
     <span class='ocr_line' id='line_1_76' title="bbox 1087 694 1922 739; baseline 0.011 -18"><span class='ocrx_word' id='word_1_681' title='bbox 1087 694 1116 721; x_wconf 85' lang='lat' dir='ltr'>fr.</span> <span class='ocrx_word' id='word_1_682' title='bbox 1136 696 1176 721; x_wconf 86' lang='lat'>72.</span> <span class='ocrx_word' id='word_1_683' title='bbox 1196 705 1235 732; x_wconf 88' lang='lat' dir='ltr'>pr.</span> <span class='ocrx_word' id='word_1_684' title='bbox 1256 695 1288 722; x_wconf 83' lang='grc'>(18</span> <span class='ocrx_word' id='word_1_685' title='bbox 1310 695 1338 722; x_wconf 88' lang='lat' dir='ltr'>V.</span> <span class='ocrx_word' id='word_1_686' title='bbox 1360 696 1392 723; x_wconf 91' lang='lat' dir='ltr'>O.</span> <span class='ocrx_word' id='word_1_687' title='bbox 1412 698 1452 724; x_wconf 87' lang='lat'>45.</span> <span class='ocrx_word' id='word_1_688' title='bbox 1473 698 1495 723; x_wconf 94' lang='lat' dir='ltr'>l.</span> <span class='ocrx_word' id='word_1_689' title='bbox 1532 697 1574 723; x_wconf 88' lang='grc' dir='ltr'>ΠΙ.</span> <span class='ocrx_word' id='word_1_690' title='bbox 1591 699 1655 725; x_wconf 76' lang='lat' dir='ltr'>Gn.</span> <span class='ocrx_word' id='word_1_691' title='bbox 1676 698 1774 732; x_wconf 81' lang='lat' dir='ltr'>Vnum,</span> <span class='ocrx_word' id='word_1_692' title='bbox 1795 707 1871 739; x_wconf 84' lang='lat' dir='ltr'>atque</span> <span class='ocrx_word' id='word_1_693' title='bbox 1890 713 1922 730; x_wconf 85' lang='lat' dir='ltr'>eo</span> 
     </span>
     <span class='ocr_line' id='line_1_77' title="bbox 1086 737 1921 780; baseline 0.012 -17"><span class='ocrx_word' id='word_1_694' title='bbox 1086 737 1164 764; x_wconf 85' lang='lat' dir='ltr'>modo</span> <span class='ocrx_word' id='word_1_695' title='bbox 1183 738 1355 770; x_wconf 81' lang='lat' dir='ltr'>individuum,</span> <span class='ocrx_word' id='word_1_696' title='bbox 1375 741 1430 773; x_wconf 88' lang='lat' dir='ltr'>(ius</span> <span class='ocrx_word' id='word_1_697' title='bbox 1448 740 1506 765; x_wconf 83' lang='lat' dir='ltr'>viae</span> <span class='ocrx_word' id='word_1_698' title='bbox 1524 740 1604 773; x_wconf 84' lang='lat' dir='ltr'>esse.)</span> <span class='ocrx_word' id='word_1_699' title='bbox 1623 740 1653 767; x_wconf 90' lang='lat' dir='ltr'>fr.</span> <span class='ocrx_word' id='word_1_700' title='bbox 1668 742 1691 768; x_wconf 84' lang='lat'>6.</span> <span class='ocrx_word' id='word_1_701' title='bbox 1710 743 1769 776; x_wconf 87' lang='lat'>5.1.</span> <span class='ocrx_word' id='word_1_702' title='bbox 1795 744 1921 780; x_wconf 85' lang='lat' dir='ltr'>Quemad.</span> 
     </span>
     <span class='ocr_line' id='line_1_78' title="bbox 1087 781 1922 822; baseline 0.012 -16"><span class='ocrx_word' id='word_1_703' title='bbox 1087 781 1176 807; x_wconf 79' lang='lat' dir='ltr'>servit.</span> <span class='ocrx_word' id='word_1_704' title='bbox 1196 782 1219 807; x_wconf 82' lang='lat'>8.</span> <span class='ocrx_word' id='word_1_705' title='bbox 1239 782 1263 808; x_wconf 90' lang='grc'>6.</span> <span class='ocrx_word' id='word_1_706' title='bbox 1301 781 1426 808; x_wconf 85' lang='lat' dir='ltr'>Officium</span> <span class='ocrx_word' id='word_1_707' title='bbox 1449 781 1625 815; x_wconf 82' lang='lat' dir='ltr'>individuum,</span> <span class='ocrx_word' id='word_1_708' title='bbox 1649 794 1678 810; x_wconf 81' lang='lat' dir='ltr'>ac</span> <span class='ocrx_word' id='word_1_709' title='bbox 1700 786 1844 822; x_wconf 87' lang='lat' dir='ltr'>periculum</span> <span class='ocrx_word' id='word_1_710' title='bbox 1863 799 1922 816; x_wconf 87' lang='lat' dir='ltr'>esse</span> 
     </span>
     <span class='ocr_line' id='line_1_79' title="bbox 1087 824 1922 864; baseline 0.01 -16"><span class='ocrx_word' id='word_1_711' title='bbox 1087 832 1231 850; x_wconf 86' lang='lat' dir='ltr'>commune.</span> <span class='ocrx_word' id='word_1_712' title='bbox 1253 824 1282 850; x_wconf 88' lang='lat' dir='ltr'>fr.</span> <span class='ocrx_word' id='word_1_713' title='bbox 1304 826 1343 851; x_wconf 89' lang='lat'>11.</span> <span class='ocrx_word' id='word_1_714' title='bbox 1363 835 1402 862; x_wconf 87' lang='lat' dir='ltr'>pr.</span> <span class='ocrx_word' id='word_1_715' title='bbox 1422 824 1452 851; x_wconf 87' lang='lat' dir='ltr'>fr.</span> <span class='ocrx_word' id='word_1_716' title='bbox 1476 826 1514 851; x_wconf 86' lang='lat'>13.</span> <span class='ocrx_word' id='word_1_717' title='bbox 1535 825 1567 851; x_wconf 90' lang='lat' dir='ltr'>ad</span> <span class='ocrx_word' id='word_1_718' title='bbox 1585 827 1680 853; x_wconf 89' lang='lat' dir='ltr'>munic.</span> <span class='ocrx_word' id='word_1_719' title='bbox 1699 829 1740 854; x_wconf 89' lang='grc'>50.</span> <span class='ocrx_word' id='word_1_720' title='bbox 1761 831 1826 855; x_wconf 84' lang='grc'>1.-</span> <span class='ocrx_word' id='word_1_721' title='bbox 1842 831 1872 864; x_wconf 67' lang='grc' dir='ltr'>ξ.</span> <span class='ocrx_word' id='word_1_722' title='bbox 1886 833 1922 859; x_wconf 67' lang='grc'>2.</span> 
     </span>
     <span class='ocr_line' id='line_1_80' title="bbox 1088 867 1923 905; baseline 0.011 -13"><span class='ocrx_word' id='word_1_723' title='bbox 1088 867 1156 892; x_wconf 79' lang='lat' dir='ltr'>Non</span> <span class='ocrx_word' id='word_1_724' title='bbox 1176 868 1315 899; x_wconf 76' lang='lat' dir='ltr'>divisus,</span> <span class='ocrx_word' id='word_1_725' title='bbox 1338 869 1547 894; x_wconf 75' lang='lat' dir='ltr'>[ndiscretzcs.</span> <span class='ocrx_word' id='word_1_726' title='bbox 1584 867 1602 894; x_wconf 95' lang='lat' dir='ltr'>I.</span> <span class='ocrx_word' id='word_1_727' title='bbox 1627 870 1688 903; x_wconf 79' lang='lat' dir='ltr'>Sy.</span> <span class='ocrx_word' id='word_1_728' title='bbox 1708 869 1835 905; x_wconf 80' lang='lat' dir='ltr'>SocIetas‚</span> <span class='ocrx_word' id='word_1_729' title='bbox 1855 873 1923 901; x_wconf 86' lang='lat' dir='ltr'>ludi-</span> 
     </span>
     <span class='ocr_line' id='line_1_81' title="bbox 1086 907 1922 944; baseline 0.013 -11"><span class='ocrx_word' id='word_1_730' title='bbox 1086 907 1164 934; x_wconf 77' lang='lat' dir='ltr'>vidua</span> <span class='ocrx_word' id='word_1_731' title='bbox 1184 909 1349 935; x_wconf 83' lang='lat' dir='ltr'>consuetudo</span> <span class='ocrx_word' id='word_1_732' title='bbox 1369 911 1470 943; x_wconf 83' lang='lat' dir='ltr'>(vitae.)</span> <span class='ocrx_word' id='word_1_733' title='bbox 1495 909 1525 936; x_wconf 83' lang='lat' dir='ltr'>fr.</span> <span class='ocrx_word' id='word_1_734' title='bbox 1546 912 1568 936; x_wconf 96' lang='lat' dir='ltr'>l.</span> <span class='ocrx_word' id='word_1_735' title='bbox 1594 910 1626 937; x_wconf 84' lang='lat' dir='ltr'>de</span> <span class='ocrx_word' id='word_1_736' title='bbox 1645 911 1676 938; x_wconf 78' lang='lat' dir='ltr'>R.</span> <span class='ocrx_word' id='word_1_737' title='bbox 1696 912 1728 939; x_wconf 85' lang='lat' dir='ltr'>N.</span> <span class='ocrx_word' id='word_1_738' title='bbox 1746 916 1788 941; x_wconf 84' lang='lat'>23.</span> <span class='ocrx_word' id='word_1_739' title='bbox 1805 918 1830 942; x_wconf 92' lang='lat'>2.</span> <span class='ocrx_word' id='word_1_740' title='bbox 1849 916 1879 943; x_wconf 86' lang='lat' dir='ltr'>fr.</span> <span class='ocrx_word' id='word_1_741' title='bbox 1900 920 1922 944; x_wconf 91' lang='lat' dir='ltr'>l.</span> 
     </span>
     <span class='ocr_line' id='line_1_82' title="bbox 1087 949 1923 986; baseline 0.013 -10"><span class='ocrx_word' id='word_1_742' title='bbox 1087 949 1119 976; x_wconf 84' lang='lat' dir='ltr'>de</span> <span class='ocrx_word' id='word_1_743' title='bbox 1138 955 1187 977; x_wconf 89' lang='lat' dir='ltr'>act.</span> <span class='ocrx_word' id='word_1_744' title='bbox 1208 961 1258 978; x_wconf 86' lang='lat' dir='ltr'>rer.</span> <span class='ocrx_word' id='word_1_745' title='bbox 1279 957 1354 978; x_wconf 85' lang='lat' dir='ltr'>amot.</span> <span class='ocrx_word' id='word_1_746' title='bbox 1373 955 1414 979; x_wconf 83' lang='lat'>25.</span> <span class='ocrx_word' id='word_1_747' title='bbox 1433 955 1456 978; x_wconf 73' lang='grc'>2,</span> <span class='ocrx_word' id='word_1_748' title='bbox 1487 953 1530 979; x_wconf 92' lang='lat' dir='ltr'>III.</span> <span class='ocrx_word' id='word_1_749' title='bbox 1554 955 1619 981; x_wconf 60' lang='lat' dir='ltr'>(ln.</span> <span class='ocrx_word' id='word_1_750' title='bbox 1640 954 1794 984; x_wconf 83' lang='lat' dir='ltr'>Communis</span> <span class='ocrx_word' id='word_1_751' title='bbox 1813 964 1839 985; x_wconf 87' lang='lat' dir='ltr'>et</span> <span class='ocrx_word' id='word_1_752' title='bbox 1857 960 1923 986; x_wconf 88' lang='lat' dir='ltr'>indi—</span> 
     </span>
     <span class='ocr_line' id='line_1_83' title="bbox 1086 992 1921 1036; baseline 0.013 -17"><span class='ocrx_word' id='word_1_753' title='bbox 1086 992 1164 1019; x_wconf 84' lang='lat' dir='ltr'>vidua</span> <span class='ocrx_word' id='word_1_754' title='bbox 1185 993 1351 1027; x_wconf 82' lang='lat' dir='ltr'>(hereditas.)</span> <span class='ocrx_word' id='word_1_755' title='bbox 1372 994 1400 1022; x_wconf 79' lang='lat' dir='ltr'>fr.</span> <span class='ocrx_word' id='word_1_756' title='bbox 1419 997 1461 1022; x_wconf 83' lang='lat'>32.</span> <span class='ocrx_word' id='word_1_757' title='bbox 1481 996 1503 1029; x_wconf 87' lang='lat'>5.</span> <span class='ocrx_word' id='word_1_758' title='bbox 1517 997 1540 1022; x_wconf 85' lang='grc'>6.</span> <span class='ocrx_word' id='word_1_759' title='bbox 1561 996 1594 1022; x_wconf 77' lang='lat' dir='ltr'>de</span> <span class='ocrx_word' id='word_1_760' title='bbox 1614 996 1679 1023; x_wconf 86' lang='lat' dir='ltr'>adm.</span> <span class='ocrx_word' id='word_1_761' title='bbox 1701 1003 1726 1024; x_wconf 85' lang='lat' dir='ltr'>et</span> <span class='ocrx_word' id='word_1_762' title='bbox 1744 1001 1823 1036; x_wconf 84' lang='lat' dir='ltr'>peric.</span> <span class='ocrx_word' id='word_1_763' title='bbox 1843 1003 1884 1029; x_wconf 82' lang='lat'>26.</span> <span class='ocrx_word' id='word_1_764' title='bbox 1899 1005 1921 1030; x_wconf 89' lang='lat'>7.</span> 
     </span>
     <span class='ocr_line' id='line_1_84' title="bbox 1088 1036 1750 1075; baseline 0.008 -12"><span class='ocrx_word' id='word_1_765' title='bbox 1088 1036 1119 1063; x_wconf 85' lang='lat' dir='ltr'>ef.</span> <span class='ocrx_word' id='word_1_766' title='bbox 1139 1048 1160 1064; x_wconf 93' lang='lat' dir='ltr'>c.</span> <span class='ocrx_word' id='word_1_767' title='bbox 1179 1038 1204 1063; x_wconf 83' lang='lat'>3.</span> <span class='ocrx_word' id='word_1_768' title='bbox 1224 1038 1250 1064; x_wconf 91' lang='lat' dir='ltr'>in</span> <span class='ocrx_word' id='word_1_769' title='bbox 1270 1047 1312 1074; x_wconf 90' lang='lat' dir='ltr'>qn.</span> <span class='ocrx_word' id='word_1_770' title='bbox 1332 1048 1353 1064; x_wconf 89' lang='lat' dir='ltr'>c.</span> <span class='ocrx_word' id='word_1_771' title='bbox 1373 1047 1438 1064; x_wconf 87' lang='lat' dir='ltr'>cess.</span> <span class='ocrx_word' id='word_1_772' title='bbox 1459 1037 1475 1063; x_wconf 96' lang='lat' dir='ltr'>l.</span> <span class='ocrx_word' id='word_1_773' title='bbox 1495 1042 1512 1064; x_wconf 95' lang='lat' dir='ltr'>t.</span> <span class='ocrx_word' id='word_1_774' title='bbox 1531 1048 1644 1075; x_wconf 80' lang='lat' dir='ltr'>praescr.</span> <span class='ocrx_word' id='word_1_775' title='bbox 1665 1041 1687 1066; x_wconf 90' lang='lat'>7.</span> <span class='ocrx_word' id='word_1_776' title='bbox 1707 1042 1750 1068; x_wconf 82' lang='lat'>34.</span> 
     </span>
    </p>

    <p class='ocr_par' dir='ltr' id='par_1_21' title="bbox 1087 1080 1924 1462">
     <span class='ocr_line' id='line_1_85' title="bbox 1122 1080 1923 1122; baseline 0.011 -16"><span class='ocrx_word' id='word_1_777' title='bbox 1122 1080 1328 1107; x_wconf 80' lang='lat' dir='ltr'>Indivisus.</span> <span class='ocrx_word' id='word_1_778' title='bbox 1349 1080 1477 1114; x_wconf 53' lang='lat' dir='ltr'>(Adit-ct.)</span> <span class='ocrx_word' id='word_1_779' title='bbox 1497 1081 1527 1113; x_wconf 78' lang='lat'>§-</span> <span class='ocrx_word' id='word_1_780' title='bbox 1540 1082 1573 1107; x_wconf 92' lang='lat'>1.</span> <span class='ocrx_word' id='word_1_781' title='bbox 1595 1083 1663 1109; x_wconf 71' lang='lat' dir='ltr'>Non</span> <span class='ocrx_word' id='word_1_782' title='bbox 1682 1085 1816 1112; x_wconf 76' lang='lat' dir='ltr'>divisus.</span> <span class='ocrx_word' id='word_1_783' title='bbox 1836 1086 1923 1122; x_wconf 66' lang='lat' dir='ltr'>[Sy.</span> 
     </span>
     <span class='ocr_line' id='line_1_86' title="bbox 1088 1122 1921 1165; baseline 0.01 -16"><span class='ocrx_word' id='word_1_784' title='bbox 1088 1122 1255 1151; x_wconf 88' lang='lat' dir='ltr'>Communis.</span> <span class='ocrx_word' id='word_1_785' title='bbox 1283 1122 1398 1149; x_wconf 88' lang='lat' dir='ltr'>Indivisa</span> <span class='ocrx_word' id='word_1_786' title='bbox 1422 1124 1508 1156; x_wconf 88' lang='lat' dir='ltr'>(res.)</span> <span class='ocrx_word' id='word_1_787' title='bbox 1536 1122 1565 1149; x_wconf 91' lang='lat' dir='ltr'>fr.</span> <span class='ocrx_word' id='word_1_788' title='bbox 1590 1124 1631 1150; x_wconf 82' lang='grc'>89.</span> <span class='ocrx_word' id='word_1_789' title='bbox 1658 1125 1722 1158; x_wconf 88' lang='lat'>5.1.</span> <span class='ocrx_word' id='word_1_790' title='bbox 1746 1126 1779 1153; x_wconf 86' lang='lat' dir='ltr'>de</span> <span class='ocrx_word' id='word_1_791' title='bbox 1797 1128 1872 1165; x_wconf 75' lang='lat' dir='ltr'>legat.</span> <span class='ocrx_word' id='word_1_792' title='bbox 1892 1130 1921 1157; x_wconf 88' lang='lat' dir='ltr'>II.</span> 
     </span>
     <span class='ocr_line' id='line_1_87' title="bbox 1088 1164 1923 1208; baseline 0.008 -16"><span class='ocrx_word' id='word_1_793' title='bbox 1088 1167 1154 1199; x_wconf 88' lang='lat'>(31.)</span> <span class='ocrx_word' id='word_1_794' title='bbox 1191 1165 1221 1192; x_wconf 93' lang='grc'>11.</span> <span class='ocrx_word' id='word_1_795' title='bbox 1243 1167 1310 1199; x_wconf 76' lang='lat'>01).</span> <span class='ocrx_word' id='word_1_796' title='bbox 1330 1166 1447 1192; x_wconf 82' lang='lat' dir='ltr'>Divisus.</span> <span class='ocrx_word' id='word_1_797' title='bbox 1473 1164 1513 1192; x_wconf 80' lang='lat' dir='ltr'>Cf.</span> <span class='ocrx_word' id='word_1_798' title='bbox 1534 1165 1558 1192; x_wconf 92' lang='lat' dir='ltr'>h.</span> <span class='ocrx_word' id='word_1_799' title='bbox 1578 1176 1601 1192; x_wconf 82' lang='lat' dir='ltr'>v.</span> <span class='ocrx_word' id='word_1_800' title='bbox 1638 1167 1677 1194; x_wconf 83' lang='lat' dir='ltr'>Ex</span> <span class='ocrx_word' id='word_1_801' title='bbox 1697 1168 1826 1197; x_wconf 86' lang='lat' dir='ltr'>divisione</span> <span class='ocrx_word' id='word_1_802' title='bbox 1845 1182 1923 1208; x_wconf 83' lang='lat' dir='ltr'>quae-</span> 
     </span>
     <span class='ocr_line' id='line_1_88' title="bbox 1088 1208 1923 1252; baseline 0.01 -18"><span class='ocrx_word' id='word_1_803' title='bbox 1088 1210 1136 1235; x_wconf 82' lang='lat' dir='ltr'>sita</span> <span class='ocrx_word' id='word_1_804' title='bbox 1156 1218 1227 1246; x_wconf 68' lang='lat' dir='ltr'>pam,</span> <span class='ocrx_word' id='word_1_805' title='bbox 1247 1208 1343 1235; x_wconf 83' lang='lat' dir='ltr'>Certus</span> <span class='ocrx_word' id='word_1_806' title='bbox 1363 1209 1446 1241; x_wconf 82' lang='lat' dir='ltr'>locus,</span> <span class='ocrx_word' id='word_1_807' title='bbox 1466 1224 1498 1228; x_wconf 86' lang='lat'>-—</span> <span class='ocrx_word' id='word_1_808' title='bbox 1518 1208 1568 1235; x_wconf 89' lang='lat' dir='ltr'>Pro</span> <span class='ocrx_word' id='word_1_809' title='bbox 1587 1209 1701 1237; x_wconf 87' lang='lat' dir='ltr'>indiviso</span> <span class='ocrx_word' id='word_1_810' title='bbox 1721 1214 1802 1249; x_wconf 82' lang='lat' dir='ltr'>(pars,</span> <span class='ocrx_word' id='word_1_811' title='bbox 1825 1224 1845 1241; x_wconf 94' lang='lat' dir='ltr'>s.</span> <span class='ocrx_word' id='word_1_812' title='bbox 1865 1225 1923 1252; x_wconf 87' lang='lat' dir='ltr'>por-</span> 
     </span>
     <span class='ocr_line' id='line_1_89' title="bbox 1087 1250 1922 1294; baseline 0.007 -17"><span class='ocrx_word' id='word_1_813' title='bbox 1087 1252 1145 1285; x_wconf 88' lang='lat' dir='ltr'>tio.)</span> <span class='ocrx_word' id='word_1_814' title='bbox 1165 1251 1195 1278; x_wconf 87' lang='lat' dir='ltr'>sr.</span> <span class='ocrx_word' id='word_1_815' title='bbox 1217 1253 1239 1278; x_wconf 93' lang='lat' dir='ltr'>l.</span> <span class='ocrx_word' id='word_1_816' title='bbox 1265 1250 1297 1277; x_wconf 86' lang='lat' dir='ltr'>de</span> <span class='ocrx_word' id='word_1_817' title='bbox 1316 1252 1437 1278; x_wconf 84' lang='lat' dir='ltr'>eviction.</span> <span class='ocrx_word' id='word_1_818' title='bbox 1456 1253 1497 1278; x_wconf 77' lang='lat'>21.</span> <span class='ocrx_word' id='word_1_819' title='bbox 1517 1253 1541 1278; x_wconf 81' lang='grc'>2.</span> <span class='ocrx_word' id='word_1_820' title='bbox 1560 1251 1591 1278; x_wconf 83' lang='lat' dir='ltr'>fr.</span> <span class='ocrx_word' id='word_1_821' title='bbox 1611 1254 1634 1279; x_wconf 90' lang='lat'>3.</span> <span class='ocrx_word' id='word_1_822' title='bbox 1654 1254 1675 1287; x_wconf 91' lang='lat'>5.</span> <span class='ocrx_word' id='word_1_823' title='bbox 1695 1256 1718 1280; x_wconf 83' lang='grc'>2.</span> <span class='ocrx_word' id='word_1_824' title='bbox 1757 1255 1809 1291; x_wconf 90' lang='lat' dir='ltr'>Qui</span> <span class='ocrx_word' id='word_1_825' title='bbox 1828 1260 1922 1294; x_wconf 81' lang='lat' dir='ltr'>potior.</span> 
     </span>
     <span class='ocr_line' id='line_1_90' title="bbox 1087 1293 1923 1332; baseline 0.008 -12"><span class='ocrx_word' id='word_1_826' title='bbox 1087 1296 1128 1320; x_wconf 89' lang='lat'>20.</span> <span class='ocrx_word' id='word_1_827' title='bbox 1148 1295 1171 1320; x_wconf 88' lang='lat'>4.</span> <span class='ocrx_word' id='word_1_828' title='bbox 1208 1293 1251 1320; x_wconf 90' lang='lat' dir='ltr'>III.</span> <span class='ocrx_word' id='word_1_829' title='bbox 1276 1295 1341 1322; x_wconf 77' lang='lat' dir='ltr'>Gn.</span> <span class='ocrx_word' id='word_1_830' title='bbox 1361 1293 1412 1320; x_wconf 91' lang='lat' dir='ltr'>Pro</span> <span class='ocrx_word' id='word_1_831' title='bbox 1431 1294 1550 1331; x_wconf 89' lang='lat' dir='ltr'>partibus</span> <span class='ocrx_word' id='word_1_832' title='bbox 1574 1296 1664 1332; x_wconf 88' lang='lat' dir='ltr'>utique</span> <span class='ocrx_word' id='word_1_833' title='bbox 1683 1297 1818 1329; x_wconf 80' lang='lat' dir='ltr'>indivisis,</span> <span class='ocrx_word' id='word_1_834' title='bbox 1840 1305 1867 1326; x_wconf 91' lang='lat' dir='ltr'>ut</span> <span class='ocrx_word' id='word_1_835' title='bbox 1886 1302 1923 1327; x_wconf 90' lang='lat' dir='ltr'>in-</span> 
     </span>
     <span class='ocr_line' id='line_1_91' title="bbox 1088 1336 1924 1377; baseline 0.008 -15"><span class='ocrx_word' id='word_1_836' title='bbox 1088 1336 1195 1363; x_wconf 82' lang='lat' dir='ltr'>tellectu</span> <span class='ocrx_word' id='word_1_837' title='bbox 1214 1338 1294 1373; x_wconf 80' lang='lat' dir='ltr'>magis</span> <span class='ocrx_word' id='word_1_838' title='bbox 1314 1341 1401 1373; x_wconf 76' lang='lat' dir='ltr'>partes</span> <span class='ocrx_word' id='word_1_839' title='bbox 1421 1337 1545 1369; x_wconf 82' lang='lat' dir='ltr'>babeant,</span> <span class='ocrx_word' id='word_1_840' title='bbox 1565 1348 1641 1374; x_wconf 78' lang='lat' dir='ltr'>quam</span> <span class='ocrx_word' id='word_1_841' title='bbox 1661 1349 1780 1377; x_wconf 73' lang='lat' dir='ltr'>corpore.</span> <span class='ocrx_word' id='word_1_842' title='bbox 1800 1341 1830 1368; x_wconf 91' lang='lat' dir='ltr'>fr.</span> <span class='ocrx_word' id='word_1_843' title='bbox 1849 1344 1872 1368; x_wconf 88' lang='lat'>5.</span> <span class='ocrx_word' id='word_1_844' title='bbox 1892 1342 1924 1369; x_wconf 86' lang='lat' dir='ltr'>de</span> 
     </span>
     <span class='ocr_line' id='line_1_92' title="bbox 1088 1378 1924 1416; baseline 0.008 -11"><span class='ocrx_word' id='word_1_845' title='bbox 1088 1379 1177 1416; x_wconf 79' lang='lat' dir='ltr'>stipul.</span> <span class='ocrx_word' id='word_1_846' title='bbox 1197 1389 1264 1406; x_wconf 88' lang='lat' dir='ltr'>serv.</span> <span class='ocrx_word' id='word_1_847' title='bbox 1284 1381 1324 1405; x_wconf 85' lang='lat'>45.</span> <span class='ocrx_word' id='word_1_848' title='bbox 1344 1380 1368 1405; x_wconf 88' lang='grc'>3.</span> <span class='ocrx_word' id='word_1_849' title='bbox 1389 1378 1419 1406; x_wconf 84' lang='lat' dir='ltr'>cf.</span> <span class='ocrx_word' id='word_1_850' title='bbox 1439 1380 1470 1407; x_wconf 82' lang='lat' dir='ltr'>fr.</span> <span class='ocrx_word' id='word_1_851' title='bbox 1484 1384 1507 1407; x_wconf 92' lang='lat'>5.</span> <span class='ocrx_word' id='word_1_852' title='bbox 1527 1381 1604 1414; x_wconf 85' lang='lat'>§.15.</span> <span class='ocrx_word' id='word_1_853' title='bbox 1625 1383 1752 1410; x_wconf 87' lang='lat' dir='ltr'>commod.</span> <span class='ocrx_word' id='word_1_854' title='bbox 1767 1385 1805 1410; x_wconf 85' lang='lat'>13.</span> <span class='ocrx_word' id='word_1_855' title='bbox 1820 1386 1844 1411; x_wconf 88' lang='grc'>6.</span> <span class='ocrx_word' id='word_1_856' title='bbox 1872 1384 1924 1412; x_wconf 89' lang='lat' dir='ltr'>Pro</span> 
     </span>
     <span class='ocr_line' id='line_1_93' title="bbox 1088 1422 1922 1462; baseline 0.007 -13"><span class='ocrx_word' id='word_1_857' title='bbox 1088 1422 1202 1449; x_wconf 84' lang='lat' dir='ltr'>indiviso</span> <span class='ocrx_word' id='word_1_858' title='bbox 1222 1432 1358 1448; x_wconf 87' lang='lat' dir='ltr'>commune</span> <span class='ocrx_word' id='word_1_859' title='bbox 1372 1432 1438 1448; x_wconf 86' lang='lat' dir='ltr'>esse.</span> <span class='ocrx_word' id='word_1_860' title='bbox 1475 1422 1632 1451; x_wconf 88' lang='lat' dir='ltr'>Communio</span> <span class='ocrx_word' id='word_1_861' title='bbox 1651 1435 1699 1462; x_wconf 82' lang='lat' dir='ltr'>pro</span> <span class='ocrx_word' id='word_1_862' title='bbox 1713 1426 1834 1453; x_wconf 88' lang='lat' dir='ltr'>indiviso.</span> <span class='ocrx_word' id='word_1_863' title='bbox 1855 1428 1885 1454; x_wconf 87' lang='lat' dir='ltr'>fr.</span> <span class='ocrx_word' id='word_1_864' title='bbox 1899 1431 1922 1455; x_wconf 94' lang='lat'>5.</span> 
     </span>
    </p>
   </div>
   <div class='ocr_carea' id='block_1_14' title="bbox 1069 1464 1924 1503">
    <p class='ocr_par' dir='ltr' id='par_1_22' title="bbox 1069 1464 1924 1503">
     <span class='ocr_line' id='line_1_94' title="bbox 1069 1464 1924 1503; baseline 0.007 -11"><span class='ocrx_word' id='word_1_865' title='bbox 1069 1480 1075 1486; x_wconf 91' lang='lat'>-</span> <span class='ocrx_word' id='word_1_866' title='bbox 1088 1465 1104 1492; x_wconf 92' lang='lat' dir='ltr'>l.</span> <span class='ocrx_word' id='word_1_867' title='bbox 1125 1467 1165 1492; x_wconf 87' lang='lat'>45.</span> <span class='ocrx_word' id='word_1_868' title='bbox 1184 1468 1207 1492; x_wconf 86' lang='lat'>3.</span> <span class='ocrx_word' id='word_1_869' title='bbox 1228 1465 1258 1491; x_wconf 92' lang='lat' dir='ltr'>cf.</span> <span class='ocrx_word' id='word_1_870' title='bbox 1279 1464 1311 1491; x_wconf 85' lang='lat' dir='ltr'>fr.</span> <span class='ocrx_word' id='word_1_871' title='bbox 1330 1466 1370 1491; x_wconf 65' lang='lat'>83.</span> <span class='ocrx_word' id='word_1_872' title='bbox 1390 1475 1438 1501; x_wconf 88' lang='lat' dir='ltr'>pro</span> <span class='ocrx_word' id='word_1_873' title='bbox 1458 1475 1510 1491; x_wconf 91' lang='lat' dir='ltr'>soc.</span> <span class='ocrx_word' id='word_1_874' title='bbox 1533 1468 1573 1493; x_wconf 92' lang='lat'>17.</span> <span class='ocrx_word' id='word_1_875' title='bbox 1592 1469 1614 1493; x_wconf 90' lang='lat'>2.</span> <span class='ocrx_word' id='word_1_876' title='bbox 1635 1467 1665 1494; x_wconf 89' lang='lat' dir='ltr'>fr.</span> <span class='ocrx_word' id='word_1_877' title='bbox 1686 1469 1726 1495; x_wconf 89' lang='lat'>94.</span> <span class='ocrx_word' id='word_1_878' title='bbox 1748 1470 1768 1503; x_wconf 84' lang='lat'>5</span> <span class='ocrx_word' id='word_1_879' title='bbox 1790 1472 1812 1496; x_wconf 96' lang='lat' dir='ltr'>l.</span> <span class='ocrx_word' id='word_1_880' title='bbox 1832 1470 1864 1497; x_wconf 85' lang='lat' dir='ltr'>de</span> <span class='ocrx_word' id='word_1_881' title='bbox 1884 1481 1924 1498; x_wconf 84' lang='lat' dir='ltr'>so-</span> 
     </span>
    </p>
   </div>
   <div class='ocr_carea' id='block_1_15' title="bbox 1085 1507 1924 2774">
    <p class='ocr_par' dir='ltr' id='par_1_23' title="bbox 1087 1507 1924 1961">
     <span class='ocr_line' id='line_1_95' title="bbox 1088 1507 1924 1545; baseline 0.008 -11"><span class='ocrx_word' id='word_1_882' title='bbox 1088 1508 1134 1534; x_wconf 78' lang='lat' dir='ltr'>lut.</span> <span class='ocrx_word' id='word_1_883' title='bbox 1154 1509 1195 1534; x_wconf 80' lang='lat'>45.</span> <span class='ocrx_word' id='word_1_884' title='bbox 1214 1510 1237 1534; x_wconf 82' lang='lat'>3.</span> <span class='ocrx_word' id='word_1_885' title='bbox 1280 1507 1423 1534; x_wconf 78' lang='lat' dir='ltr'>indivisum</span> <span class='ocrx_word' id='word_1_886' title='bbox 1447 1510 1645 1545; x_wconf 77' lang='lat' dir='ltr'>patrimonium,</span> <span class='ocrx_word' id='word_1_887' title='bbox 1665 1520 1688 1537; x_wconf 86' lang='lat' dir='ltr'>v.</span> <span class='ocrx_word' id='word_1_888' title='bbox 1707 1511 1849 1540; x_wconf 74' lang='lat' dir='ltr'>indivisam</span> <span class='ocrx_word' id='word_1_889' title='bbox 1868 1524 1924 1541; x_wconf 90' lang='lat' dir='ltr'>suc-</span> 
     </span>
     <span class='ocr_line' id='line_1_96' title="bbox 1088 1550 1922 1587; baseline 0.008 -11"><span class='ocrx_word' id='word_1_890' title='bbox 1088 1552 1243 1582; x_wconf 77' lang='lat' dir='ltr'>cessionem,</span> <span class='ocrx_word' id='word_1_891' title='bbox 1263 1550 1361 1576; x_wconf 75' lang='lat' dir='ltr'>habere</span> <span class='ocrx_word' id='word_1_892' title='bbox 1380 1552 1452 1583; x_wconf 86' lang='lat' dir='ltr'>(cum</span> <span class='ocrx_word' id='word_1_893' title='bbox 1471 1551 1580 1587; x_wconf 78' lang='lat' dir='ltr'>aliquo.)</span> <span class='ocrx_word' id='word_1_894' title='bbox 1599 1551 1628 1578; x_wconf 85' lang='lat' dir='ltr'>fr.</span> <span class='ocrx_word' id='word_1_895' title='bbox 1648 1554 1671 1579; x_wconf 86' lang='lat'>3.</span> <span class='ocrx_word' id='word_1_896' title='bbox 1692 1553 1724 1580; x_wconf 88' lang='lat' dir='ltr'>de</span> <span class='ocrx_word' id='word_1_897' title='bbox 1743 1561 1868 1583; x_wconf 78' lang='lat' dir='ltr'>excusatt.</span> <span class='ocrx_word' id='word_1_898' title='bbox 1881 1558 1922 1583; x_wconf 90' lang='grc'>27.</span> 
     </span>
     <span class='ocr_line' id='line_1_97' title="bbox 1090 1593 1924 1631; baseline 0.008 -12"><span class='ocrx_word' id='word_1_899' title='bbox 1090 1595 1111 1619; x_wconf 96' lang='lat' dir='ltr'>l.</span> <span class='ocrx_word' id='word_1_900' title='bbox 1133 1604 1152 1620; x_wconf 93' lang='lat' dir='ltr'>c.</span> <span class='ocrx_word' id='word_1_901' title='bbox 1176 1596 1196 1620; x_wconf 97' lang='lat' dir='ltr'>l.</span> <span class='ocrx_word' id='word_1_902' title='bbox 1218 1593 1269 1628; x_wconf 83' lang='lat' dir='ltr'>Qu.</span> <span class='ocrx_word' id='word_1_903' title='bbox 1289 1598 1391 1619; x_wconf 83' lang='lat' dir='ltr'>testam.</span> <span class='ocrx_word' id='word_1_904' title='bbox 1412 1593 1459 1620; x_wconf 80' lang='lat' dir='ltr'>fac.</span> <span class='ocrx_word' id='word_1_905' title='bbox 1479 1604 1504 1631; x_wconf 88' lang='lat' dir='ltr'>p.</span> <span class='ocrx_word' id='word_1_906' title='bbox 1524 1597 1547 1620; x_wconf 87' lang='grc'>6.</span> <span class='ocrx_word' id='word_1_907' title='bbox 1567 1596 1608 1621; x_wconf 92' lang='grc'>22.</span> <span class='ocrx_word' id='word_1_908' title='bbox 1645 1595 1717 1622; x_wconf 69' lang='lat' dir='ltr'>Nihil</span> <span class='ocrx_word' id='word_1_909' title='bbox 1736 1596 1815 1624; x_wconf 87' lang='lat' dir='ltr'>debet</span> <span class='ocrx_word' id='word_1_910' title='bbox 1832 1599 1924 1626; x_wconf 89' lang='lat' dir='ltr'>indivi-</span> 
     </span>
     <span class='ocr_line' id='line_1_98' title="bbox 1088 1636 1922 1676; baseline 0.008 -15"><span class='ocrx_word' id='word_1_911' title='bbox 1088 1646 1145 1662; x_wconf 92' lang='lat' dir='ltr'>sum</span> <span class='ocrx_word' id='word_1_912' title='bbox 1165 1636 1313 1672; x_wconf 83' lang='lat' dir='ltr'>relinquere</span> <span class='ocrx_word' id='word_1_913' title='bbox 1333 1636 1424 1669; x_wconf 79' lang='lat' dir='ltr'>(iudex</span> <span class='ocrx_word' id='word_1_914' title='bbox 1447 1636 1559 1663; x_wconf 83' lang='lat' dir='ltr'>familiae</span> <span class='ocrx_word' id='word_1_915' title='bbox 1584 1639 1773 1672; x_wconf 60' lang='grc' dir='ltr'>ενι-1561111138.)</span> <span class='ocrx_word' id='word_1_916' title='bbox 1792 1640 1821 1667; x_wconf 85' lang='lat' dir='ltr'>fr.</span> <span class='ocrx_word' id='word_1_917' title='bbox 1840 1644 1881 1668; x_wconf 81' lang='lat'>25.</span> <span class='ocrx_word' id='word_1_918' title='bbox 1901 1642 1922 1676; x_wconf 85' lang='lat'>5.</span> 
     </span>
     <span class='ocr_line' id='line_1_99' title="bbox 1087 1679 1922 1715; baseline 0.007 -10"><span class='ocrx_word' id='word_1_919' title='bbox 1087 1681 1127 1705; x_wconf 85' lang='lat'>20.</span> <span class='ocrx_word' id='word_1_920' title='bbox 1148 1679 1178 1705; x_wconf 81' lang='lat' dir='ltr'>fr.</span> <span class='ocrx_word' id='word_1_921' title='bbox 1198 1681 1239 1705; x_wconf 79' lang='lat'>39.</span> <span class='ocrx_word' id='word_1_922' title='bbox 1260 1680 1280 1712; x_wconf 91' lang='lat'>5.</span> <span class='ocrx_word' id='word_1_923' title='bbox 1303 1681 1324 1705; x_wconf 90' lang='lat'>1.</span> <span class='ocrx_word' id='word_1_924' title='bbox 1344 1679 1403 1705; x_wconf 81' lang='lat' dir='ltr'>sam.</span> <span class='ocrx_word' id='word_1_925' title='bbox 1424 1680 1514 1705; x_wconf 89' lang='lat' dir='ltr'>ercisc.</span> <span class='ocrx_word' id='word_1_926' title='bbox 1536 1682 1575 1706; x_wconf 90' lang='lat'>10.</span> <span class='ocrx_word' id='word_1_927' title='bbox 1595 1683 1619 1706; x_wconf 88' lang='lat'>2.</span> <span class='ocrx_word' id='word_1_928' title='bbox 1652 1697 1683 1701; x_wconf 93' lang='lat'><strong>—</strong></span> <span class='ocrx_word' id='word_1_929' title='bbox 1716 1682 1746 1715; x_wconf 83' lang='lat'>§.</span> <span class='ocrx_word' id='word_1_930' title='bbox 1770 1684 1804 1710; x_wconf 67' lang='lat'>2.</span> <span class='ocrx_word' id='word_1_931' title='bbox 1825 1685 1922 1711; x_wconf 80' lang='lat' dir='ltr'>Divi-</span> 
     </span>
     <span class='ocr_line' id='line_1_100' title="bbox 1088 1721 1924 1755; baseline 0.008 -8"><span class='ocrx_word' id='word_1_932' title='bbox 1088 1723 1189 1748; x_wconf 76' lang='lat' dir='ltr'>sionis</span> <span class='ocrx_word' id='word_1_933' title='bbox 1209 1723 1359 1755; x_wconf 74' lang='lat' dir='ltr'>incapax.</span> <span class='ocrx_word' id='word_1_934' title='bbox 1396 1721 1437 1747; x_wconf 92' lang='lat' dir='ltr'>III.</span> <span class='ocrx_word' id='word_1_935' title='bbox 1455 1723 1520 1749; x_wconf 78' lang='grc'>(711.</span> <span class='ocrx_word' id='word_1_936' title='bbox 1540 1722 1587 1748; x_wconf 91' lang='lat' dir='ltr'>Sin</span> <span class='ocrx_word' id='word_1_937' title='bbox 1607 1728 1692 1750; x_wconf 84' lang='lat' dir='ltr'>autem</span> <span class='ocrx_word' id='word_1_938' title='bbox 1710 1725 1753 1751; x_wconf 86' lang='lat' dir='ltr'>vel</span> <span class='ocrx_word' id='word_1_939' title='bbox 1771 1726 1924 1754; x_wconf 78' lang='lat' dir='ltr'>naturaliter</span> 
     </span>
     <span class='ocr_line' id='line_1_101' title="bbox 1089 1763 1922 1797; baseline 0.01 -8"><span class='ocrx_word' id='word_1_940' title='bbox 1089 1763 1216 1790; x_wconf 88' lang='lat' dir='ltr'>indivisae</span> <span class='ocrx_word' id='word_1_941' title='bbox 1236 1764 1287 1789; x_wconf 88' lang='lat' dir='ltr'>siut</span> <span class='ocrx_word' id='word_1_942' title='bbox 1308 1766 1356 1796; x_wconf 87' lang='lat' dir='ltr'>(sc.</span> <span class='ocrx_word' id='word_1_943' title='bbox 1376 1765 1444 1794; x_wconf 77' lang='lat' dir='ltr'>res,)</span> <span class='ocrx_word' id='word_1_944' title='bbox 1468 1764 1508 1790; x_wconf 83' lang='lat' dir='ltr'>vel</span> <span class='ocrx_word' id='word_1_945' title='bbox 1530 1766 1586 1792; x_wconf 88' lang='lat' dir='ltr'>sine</span> <span class='ocrx_word' id='word_1_946' title='bbox 1605 1765 1699 1793; x_wconf 88' lang='lat' dir='ltr'>damno</span> <span class='ocrx_word' id='word_1_947' title='bbox 1719 1767 1815 1795; x_wconf 84' lang='lat' dir='ltr'>divisio</span> <span class='ocrx_word' id='word_1_948' title='bbox 1835 1780 1922 1797; x_wconf 84' lang='lat' dir='ltr'>earum</span> 
     </span>
     <span class='ocr_line' id='line_1_102' title="bbox 1088 1806 1922 1845; baseline 0.008 -14"><span class='ocrx_word' id='word_1_949' title='bbox 1088 1806 1146 1832; x_wconf 82' lang='lat' dir='ltr'>fieri</span> <span class='ocrx_word' id='word_1_950' title='bbox 1165 1816 1216 1832; x_wconf 89' lang='lat' dir='ltr'>non</span> <span class='ocrx_word' id='word_1_951' title='bbox 1236 1810 1332 1842; x_wconf 81' lang='lat' dir='ltr'>potest.</span> <span class='ocrx_word' id='word_1_952' title='bbox 1356 1806 1386 1832; x_wconf 83' lang='lat' dir='ltr'>fr.</span> <span class='ocrx_word' id='word_1_953' title='bbox 1407 1807 1448 1832; x_wconf 88' lang='grc'>26.</span> <span class='ocrx_word' id='word_1_954' title='bbox 1473 1807 1493 1840; x_wconf 88' lang='lat'>5</span> <span class='ocrx_word' id='word_1_955' title='bbox 1514 1810 1536 1833; x_wconf 80' lang='lat'>2.</span> <span class='ocrx_word' id='word_1_956' title='bbox 1561 1807 1593 1834; x_wconf 89' lang='lat' dir='ltr'>de</span> <span class='ocrx_word' id='word_1_957' title='bbox 1611 1808 1687 1845; x_wconf 80' lang='lat' dir='ltr'>legat.</span> <span class='ocrx_word' id='word_1_958' title='bbox 1712 1809 1727 1836; x_wconf 96' lang='lat' dir='ltr'>l.</span> <span class='ocrx_word' id='word_1_959' title='bbox 1749 1811 1815 1843; x_wconf 88' lang='grc'>(30.)</span> <span class='ocrx_word' id='word_1_960' title='bbox 1859 1811 1922 1838; x_wconf 89' lang='lat' dir='ltr'>Pars</span> 
     </span>
     <span class='ocr_line' id='line_1_103' title="bbox 1089 1848 1922 1889; baseline 0.008 -16"><span class='ocrx_word' id='word_1_961' title='bbox 1089 1850 1158 1881; x_wconf 85' lang='lat' dir='ltr'>(viae</span> <span class='ocrx_word' id='word_1_962' title='bbox 1178 1850 1239 1880; x_wconf 85' lang='lat' dir='ltr'>etc.)</span> <span class='ocrx_word' id='word_1_963' title='bbox 1259 1850 1284 1874; x_wconf 90' lang='lat' dir='ltr'>in</span> <span class='ocrx_word' id='word_1_964' title='bbox 1299 1848 1483 1885; x_wconf 71' lang='lat' dir='ltr'>obligationem</span> <span class='ocrx_word' id='word_1_965' title='bbox 1503 1850 1596 1877; x_wconf 84' lang='lat' dir='ltr'>deduci</span> <span class='ocrx_word' id='word_1_966' title='bbox 1609 1861 1661 1877; x_wconf 90' lang='lat' dir='ltr'>non</span> <span class='ocrx_word' id='word_1_967' title='bbox 1674 1857 1770 1889; x_wconf 75' lang='lat' dir='ltr'>potest,</span> <span class='ocrx_word' id='word_1_968' title='bbox 1785 1854 1843 1889; x_wconf 79' lang='lat' dir='ltr'>quia</span> <span class='ocrx_word' id='word_1_969' title='bbox 1861 1864 1922 1880; x_wconf 87' lang='lat' dir='ltr'>usus</span> 
     </span>
     <span class='ocr_line' id='line_1_104' title="bbox 1089 1891 1921 1924; baseline 0.007 -7"><span class='ocrx_word' id='word_1_970' title='bbox 1089 1902 1177 1918; x_wconf 87' lang='lat' dir='ltr'>eorum</span> <span class='ocrx_word' id='word_1_971' title='bbox 1196 1891 1325 1918; x_wconf 87' lang='lat' dir='ltr'>indivisus</span> <span class='ocrx_word' id='word_1_972' title='bbox 1346 1897 1393 1918; x_wconf 82' lang='lat' dir='ltr'>est.</span> <span class='ocrx_word' id='word_1_973' title='bbox 1412 1891 1441 1918; x_wconf 84' lang='lat' dir='ltr'>fr.</span> <span class='ocrx_word' id='word_1_974' title='bbox 1464 1894 1503 1919; x_wconf 87' lang='lat'>17.</span> <span class='ocrx_word' id='word_1_975' title='bbox 1524 1893 1556 1919; x_wconf 86' lang='lat' dir='ltr'>de</span> <span class='ocrx_word' id='word_1_976' title='bbox 1575 1895 1664 1921; x_wconf 85' lang='lat' dir='ltr'>servit.</span> <span class='ocrx_word' id='word_1_977' title='bbox 1683 1896 1706 1921; x_wconf 82' lang='lat'>8.</span> <span class='ocrx_word' id='word_1_978' title='bbox 1728 1897 1749 1922; x_wconf 95' lang='lat'>1.</span> <span class='ocrx_word' id='word_1_979' title='bbox 1770 1895 1801 1922; x_wconf 81' lang='lat' dir='ltr'>cf.</span> <span class='ocrx_word' id='word_1_980' title='bbox 1820 1896 1850 1922; x_wconf 88' lang='lat' dir='ltr'>fr.</span> <span class='ocrx_word' id='word_1_981' title='bbox 1866 1899 1921 1924; x_wconf 89' lang='lat'>139.</span> 
     </span>
     <span class='ocr_line' id='line_1_105' title="bbox 1089 1934 1330 1961; baseline 0 -1"><span class='ocrx_word' id='word_1_982' title='bbox 1089 1934 1121 1961; x_wconf 88' lang='grc'>(18</span> <span class='ocrx_word' id='word_1_983' title='bbox 1141 1934 1172 1960; x_wconf 86' lang='lat' dir='ltr'>V.</span> <span class='ocrx_word' id='word_1_984' title='bbox 1193 1934 1226 1960; x_wconf 90' lang='lat' dir='ltr'>O.</span> <span class='ocrx_word' id='word_1_985' title='bbox 1246 1936 1287 1960; x_wconf 88' lang='lat'>45.</span> <span class='ocrx_word' id='word_1_986' title='bbox 1308 1936 1330 1960; x_wconf 94' lang='lat' dir='ltr'>l.</span> 
     </span>
    </p>

    <p class='ocr_par' dir='ltr' id='par_1_24' title="bbox 1088 1977 1921 2097">
     <span class='ocr_line' id='line_1_106' title="bbox 1122 1977 1921 2016; baseline 0.008 -13"><span class='ocrx_word' id='word_1_987' title='bbox 1122 1978 1316 2004; x_wconf 80' lang='lat' dir='ltr'>Indoctus.</span> <span class='ocrx_word' id='word_1_988' title='bbox 1336 1977 1464 2011; x_wconf 77' lang='lat' dir='ltr'>(Adiect.)</span> <span class='ocrx_word' id='word_1_989' title='bbox 1484 1980 1676 2013; x_wconf 64' lang='lat' dir='ltr'>Imperitzm,</span> <span class='ocrx_word' id='word_1_990' title='bbox 1696 1982 1803 2008; x_wconf 71' lang='lat' dir='ltr'>Rudis.</span> <span class='ocrx_word' id='word_1_991' title='bbox 1817 1981 1921 2016; x_wconf 63' lang='lat'>11⁰1).</span> 
     </span>
     <span class='ocr_line' id='line_1_107' title="bbox 1089 2019 1921 2058; baseline 0.007 -13"><span class='ocrx_word' id='word_1_992' title='bbox 1089 2019 1291 2046; x_wconf 86' lang='lat' dir='ltr'>Consummatae</span> <span class='ocrx_word' id='word_1_993' title='bbox 1311 2022 1436 2047; x_wconf 77' lang='lat' dir='ltr'>scientiae</span> <span class='ocrx_word' id='word_1_994' title='bbox 1456 2021 1590 2055; x_wconf 81' lang='lat' dir='ltr'>(artifex.)</span> <span class='ocrx_word' id='word_1_995' title='bbox 1612 2038 1643 2042; x_wconf 80' lang='lat'>—-</span> <span class='ocrx_word' id='word_1_996' title='bbox 1664 2022 1786 2050; x_wconf 88' lang='lat' dir='ltr'>Indoctus</span> <span class='ocrx_word' id='word_1_997' title='bbox 1806 2026 1844 2058; x_wconf 91' lang='lat' dir='ltr'>(in</span> <span class='ocrx_word' id='word_1_998' title='bbox 1864 2027 1921 2052; x_wconf 84' lang='lat' dir='ltr'>arti-</span> 
     </span>
     <span class='ocr_line' id='line_1_108' title="bbox 1088 2062 1748 2097; baseline 0.006 -9"><span class='ocrx_word' id='word_1_999' title='bbox 1088 2063 1197 2095; x_wconf 81' lang='lat' dir='ltr'>ficium.)</span> <span class='ocrx_word' id='word_1_1000' title='bbox 1219 2062 1248 2088; x_wconf 87' lang='lat' dir='ltr'>fr.</span> <span class='ocrx_word' id='word_1_1001' title='bbox 1269 2064 1308 2089; x_wconf 82' lang='lat'>19.</span> <span class='ocrx_word' id='word_1_1002' title='bbox 1328 2064 1349 2097; x_wconf 98' lang='lat'>5.</span> <span class='ocrx_word' id='word_1_1003' title='bbox 1369 2065 1392 2090; x_wconf 92' lang='lat'>4.</span> <span class='ocrx_word' id='word_1_1004' title='bbox 1413 2063 1445 2090; x_wconf 89' lang='lat' dir='ltr'>de</span> <span class='ocrx_word' id='word_1_1005' title='bbox 1462 2064 1548 2090; x_wconf 81' lang='lat' dir='ltr'>Acdil.</span> <span class='ocrx_word' id='word_1_1006' title='bbox 1569 2064 1644 2091; x_wconf 88' lang='lat' dir='ltr'>edict.</span> <span class='ocrx_word' id='word_1_1007' title='bbox 1664 2068 1705 2092; x_wconf 88' lang='lat'>21.</span> <span class='ocrx_word' id='word_1_1008' title='bbox 1726 2068 1748 2091; x_wconf 93' lang='lat'>1.</span> 
     </span>
    </p>

    <p class='ocr_par' dir='ltr' id='par_1_25' title="bbox 1085 2106 1920 2486">
     <span class='ocr_line' id='line_1_109' title="bbox 1123 2106 1920 2144; baseline 0.006 -12"><span class='ocrx_word' id='word_1_1009' title='bbox 1123 2106 1335 2132; x_wconf 77' lang='lat' dir='ltr'>Indotatus.</span> <span class='ocrx_word' id='word_1_1010' title='bbox 1374 2106 1510 2139; x_wconf 76' lang='lat' dir='ltr'>(Adiect.)</span> <span class='ocrx_word' id='word_1_1011' title='bbox 1548 2109 1629 2134; x_wconf 78' lang='lat' dir='ltr'>Doce</span> <span class='ocrx_word' id='word_1_1012' title='bbox 1647 2119 1766 2135; x_wconf 77' lang='lat' dir='ltr'>carens.</span> <span class='ocrx_word' id='word_1_1013' title='bbox 1803 2109 1833 2136; x_wconf 88' lang='grc'>11.</span> <span class='ocrx_word' id='word_1_1014' title='bbox 1854 2112 1920 2144; x_wconf 70' lang='grc'>01).</span> 
     </span>
     <span class='ocr_line' id='line_1_110' title="bbox 1087 2147 1920 2180; baseline 0.008 -7"><span class='ocrx_word' id='word_1_1015' title='bbox 1087 2148 1207 2174; x_wconf 82' lang='lat' dir='ltr'>Dotatus.</span> <span class='ocrx_word' id='word_1_1016' title='bbox 1229 2147 1268 2174; x_wconf 80' lang='lat' dir='ltr'>Cf.</span> <span class='ocrx_word' id='word_1_1017' title='bbox 1288 2148 1312 2175; x_wconf 91' lang='lat' dir='ltr'>h.</span> <span class='ocrx_word' id='word_1_1018' title='bbox 1333 2159 1356 2175; x_wconf 93' lang='lat' dir='ltr'>v.</span> <span class='ocrx_word' id='word_1_1019' title='bbox 1375 2148 1472 2176; x_wconf 84' lang='lat' dir='ltr'>Dotem</span> <span class='ocrx_word' id='word_1_1020' title='bbox 1492 2150 1637 2177; x_wconf 84' lang='lat' dir='ltr'>habituram</span> <span class='ocrx_word' id='word_1_1021' title='bbox 1656 2152 1920 2180; x_wconf 80' lang='lat' dir='ltr'>esse.—Indotatam</span> 
     </span>
     <span class='ocr_line' id='line_1_111' title="bbox 1087 2190 1918 2228; baseline 0.007 -12"><span class='ocrx_word' id='word_1_1022' title='bbox 1087 2191 1151 2217; x_wconf 76' lang='lat' dir='ltr'>fieri.</span> <span class='ocrx_word' id='word_1_1023' title='bbox 1172 2190 1201 2216; x_wconf 89' lang='lat' dir='ltr'>fr.</span> <span class='ocrx_word' id='word_1_1024' title='bbox 1221 2193 1244 2216; x_wconf 87' lang='lat'>4.</span> <span class='ocrx_word' id='word_1_1025' title='bbox 1264 2191 1301 2224; x_wconf 91' lang='lat'>55.</span> <span class='ocrx_word' id='word_1_1026' title='bbox 1321 2194 1361 2218; x_wconf 85' lang='lat'>21.</span> <span class='ocrx_word' id='word_1_1027' title='bbox 1382 2202 1421 2228; x_wconf 84' lang='lat' dir='ltr'>sq.</span> <span class='ocrx_word' id='word_1_1028' title='bbox 1442 2192 1474 2219; x_wconf 88' lang='lat' dir='ltr'>de</span> <span class='ocrx_word' id='word_1_1029' title='bbox 1494 2193 1517 2219; x_wconf 89' lang='lat' dir='ltr'>d.</span> <span class='ocrx_word' id='word_1_1030' title='bbox 1539 2203 1569 2219; x_wconf 81' lang='lat' dir='ltr'>m.</span> <span class='ocrx_word' id='word_1_1031' title='bbox 1596 2203 1650 2219; x_wconf 76' lang='lat' dir='ltr'>exc.</span> <span class='ocrx_word' id='word_1_1032' title='bbox 1671 2195 1711 2220; x_wconf 86' lang='lat'>44.</span> <span class='ocrx_word' id='word_1_1033' title='bbox 1731 2196 1754 2220; x_wconf 88' lang='lat'>4.</span> <span class='ocrx_word' id='word_1_1034' title='bbox 1792 2195 1833 2221; x_wconf 93' lang='grc'>111.</span> <span class='ocrx_word' id='word_1_1035' title='bbox 1854 2197 1918 2223; x_wconf 71' lang='lat' dir='ltr'>Gn.</span> 
     </span>
     <span class='ocr_line' id='line_1_112' title="bbox 1087 2233 1918 2272; baseline 0.006 -12"><span class='ocrx_word' id='word_1_1036' title='bbox 1087 2234 1180 2260; x_wconf 86' lang='lat' dir='ltr'>Denuo</span> <span class='ocrx_word' id='word_1_1037' title='bbox 1201 2249 1231 2252; x_wconf 78' lang='lat'>—</span> <span class='ocrx_word' id='word_1_1038' title='bbox 1252 2233 1300 2259; x_wconf 81' lang='lat' dir='ltr'>dos</span> <span class='ocrx_word' id='word_1_1039' title='bbox 1320 2235 1501 2261; x_wconf 85' lang='lat' dir='ltr'>constituenda</span> <span class='ocrx_word' id='word_1_1040' title='bbox 1527 2240 1578 2266; x_wconf 78' lang='lat' dir='ltr'>est,</span> <span class='ocrx_word' id='word_1_1041' title='bbox 1601 2246 1633 2261; x_wconf 87' lang='lat' dir='ltr'>ne</span> <span class='ocrx_word' id='word_1_1042' title='bbox 1652 2239 1773 2272; x_wconf 86' lang='lat' dir='ltr'>sequenti</span> <span class='ocrx_word' id='word_1_1043' title='bbox 1792 2240 1918 2264; x_wconf 82' lang='lat' dir='ltr'>matrimo-</span> 
     </span>
     <span class='ocr_line' id='line_1_113' title="bbox 1087 2276 1916 2307; baseline 0.007 -6"><span class='ocrx_word' id='word_1_1044' title='bbox 1087 2278 1129 2302; x_wconf 90' lang='lat' dir='ltr'>nio</span> <span class='ocrx_word' id='word_1_1045' title='bbox 1149 2276 1242 2302; x_wconf 68' lang='lat' dir='ltr'>mulin-r</span> <span class='ocrx_word' id='word_1_1046' title='bbox 1261 2276 1377 2302; x_wconf 81' lang='lat' dir='ltr'>indotata</span> <span class='ocrx_word' id='word_1_1047' title='bbox 1397 2278 1437 2303; x_wconf 89' lang='lat' dir='ltr'>sit.</span> <span class='ocrx_word' id='word_1_1048' title='bbox 1458 2277 1487 2303; x_wconf 83' lang='lat' dir='ltr'>fr.</span> <span class='ocrx_word' id='word_1_1049' title='bbox 1508 2280 1548 2304; x_wconf 78' lang='lat'>63.</span> <span class='ocrx_word' id='word_1_1050' title='bbox 1574 2278 1604 2304; x_wconf 88' lang='lat' dir='ltr'>cf.</span> <span class='ocrx_word' id='word_1_1051' title='bbox 1629 2278 1658 2305; x_wconf 88' lang='lat' dir='ltr'>fr.</span> <span class='ocrx_word' id='word_1_1052' title='bbox 1679 2281 1719 2306; x_wconf 84' lang='lat'>40.</span> <span class='ocrx_word' id='word_1_1053' title='bbox 1740 2280 1772 2306; x_wconf 85' lang='lat' dir='ltr'>de</span> <span class='ocrx_word' id='word_1_1054' title='bbox 1790 2281 1845 2306; x_wconf 88' lang='lat' dir='ltr'>iure</span> <span class='ocrx_word' id='word_1_1055' title='bbox 1864 2280 1916 2307; x_wconf 91' lang='lat' dir='ltr'>dot.</span> 
     </span>
     <span class='ocr_line' id='line_1_114' title="bbox 1086 2319 1917 2353; baseline 0.005 -8"><span class='ocrx_word' id='word_1_1056' title='bbox 1086 2321 1126 2345; x_wconf 89' lang='lat'>23.</span> <span class='ocrx_word' id='word_1_1057' title='bbox 1141 2321 1164 2345; x_wconf 90' lang='grc'>3.</span> <span class='ocrx_word' id='word_1_1058' title='bbox 1202 2319 1298 2345; x_wconf 74' lang='lat' dir='ltr'>Dotem</span> <span class='ocrx_word' id='word_1_1059' title='bbox 1312 2319 1448 2346; x_wconf 78' lang='lat' dir='ltr'>confestim</span> <span class='ocrx_word' id='word_1_1060' title='bbox 1460 2336 1491 2339; x_wconf 87' lang='lat'>—-</span> <span class='ocrx_word' id='word_1_1061' title='bbox 1503 2320 1622 2353; x_wconf 80' lang='lat' dir='ltr'>deducet,</span> <span class='ocrx_word' id='word_1_1062' title='bbox 1642 2321 1717 2348; x_wconf 76' lang='lat' dir='ltr'>aliter</span> <span class='ocrx_word' id='word_1_1063' title='bbox 1735 2323 1801 2348; x_wconf 81' lang='lat' dir='ltr'>enim</span> <span class='ocrx_word' id='word_1_1064' title='bbox 1820 2322 1917 2349; x_wconf 85' lang='lat' dir='ltr'>videbi-</span> 
     </span>
     <span class='ocr_line' id='line_1_115' title="bbox 1086 2361 1915 2392; baseline 0.004 -4"><span class='ocrx_word' id='word_1_1065' title='bbox 1086 2367 1128 2388; x_wconf 87' lang='lat' dir='ltr'>tur</span> <span class='ocrx_word' id='word_1_1066' title='bbox 1146 2361 1288 2388; x_wconf 72' lang='lat' dir='ltr'>indotatam</span> <span class='ocrx_word' id='word_1_1067' title='bbox 1308 2372 1415 2388; x_wconf 83' lang='lat' dir='ltr'>uxorem</span> <span class='ocrx_word' id='word_1_1068' title='bbox 1438 2363 1542 2390; x_wconf 84' lang='lat' dir='ltr'>habere.</span> <span class='ocrx_word' id='word_1_1069' title='bbox 1567 2364 1597 2390; x_wconf 82' lang='lat' dir='ltr'>fr.</span> <span class='ocrx_word' id='word_1_1070' title='bbox 1617 2365 1657 2390; x_wconf 80' lang='lat'>85.</span> <span class='ocrx_word' id='word_1_1071' title='bbox 1682 2364 1713 2390; x_wconf 87' lang='lat' dir='ltr'>ad</span> <span class='ocrx_word' id='word_1_1072' title='bbox 1737 2363 1766 2390; x_wconf 92' lang='lat' dir='ltr'>L.</span> <span class='ocrx_word' id='word_1_1073' title='bbox 1787 2364 1855 2391; x_wconf 74' lang='lat' dir='ltr'>Falc.</span> <span class='ocrx_word' id='word_1_1074' title='bbox 1874 2367 1915 2392; x_wconf 86' lang='lat'>35.</span> 
     </span>
     <span class='ocr_line' id='line_1_116' title="bbox 1085 2404 1916 2444; baseline 0.006 -14"><span class='ocrx_word' id='word_1_1075' title='bbox 1085 2406 1108 2430; x_wconf 87' lang='lat'>2.</span> <span class='ocrx_word' id='word_1_1076' title='bbox 1147 2404 1175 2430; x_wconf 87' lang='lat' dir='ltr'>Si</span> <span class='ocrx_word' id='word_1_1077' title='bbox 1195 2406 1354 2437; x_wconf 80' lang='lat' dir='ltr'>convenerit,</span> <span class='ocrx_word' id='word_1_1078' title='bbox 1374 2416 1405 2431; x_wconf 89' lang='lat' dir='ltr'>ne</span> <span class='ocrx_word' id='word_1_1079' title='bbox 1425 2407 1529 2432; x_wconf 85' lang='lat' dir='ltr'>omnino</span> <span class='ocrx_word' id='word_1_1080' title='bbox 1549 2407 1597 2433; x_wconf 91' lang='lat' dir='ltr'>dos</span> <span class='ocrx_word' id='word_1_1081' title='bbox 1610 2412 1720 2444; x_wconf 74' lang='lat' dir='ltr'>petatur.</span> <span class='ocrx_word' id='word_1_1082' title='bbox 1740 2406 1854 2434; x_wconf 75' lang='lat' dir='ltr'>indotata</span> <span class='ocrx_word' id='word_1_1083' title='bbox 1868 2409 1916 2435; x_wconf 86' lang='lat' dir='ltr'>erit</span> 
     </span>
     <span class='ocr_line' id='line_1_117' title="bbox 1086 2447 1834 2486; baseline 0.004 -13"><span class='ocrx_word' id='word_1_1084' title='bbox 1086 2447 1186 2474; x_wconf 88' lang='lat' dir='ltr'>mulier.</span> <span class='ocrx_word' id='word_1_1085' title='bbox 1206 2447 1235 2473; x_wconf 85' lang='lat' dir='ltr'>fr.</span> <span class='ocrx_word' id='word_1_1086' title='bbox 1256 2449 1296 2473; x_wconf 88' lang='lat'>12.</span> <span class='ocrx_word' id='word_1_1087' title='bbox 1315 2448 1336 2481; x_wconf 91' lang='lat'>5.</span> <span class='ocrx_word' id='word_1_1088' title='bbox 1358 2449 1378 2474; x_wconf 90' lang='lat' dir='ltr'>l.</span> <span class='ocrx_word' id='word_1_1089' title='bbox 1400 2448 1430 2475; x_wconf 85' lang='lat' dir='ltr'>cf.</span> <span class='ocrx_word' id='word_1_1090' title='bbox 1450 2449 1480 2475; x_wconf 88' lang='lat' dir='ltr'>fr.</span> <span class='ocrx_word' id='word_1_1091' title='bbox 1500 2451 1523 2476; x_wconf 87' lang='lat'>4.</span> <span class='ocrx_word' id='word_1_1092' title='bbox 1544 2449 1576 2476; x_wconf 85' lang='lat' dir='ltr'>de</span> <span class='ocrx_word' id='word_1_1093' title='bbox 1594 2454 1660 2486; x_wconf 79' lang='lat' dir='ltr'>pact.</span> <span class='ocrx_word' id='word_1_1094' title='bbox 1680 2448 1732 2474; x_wconf 88' lang='lat' dir='ltr'>dot.</span> <span class='ocrx_word' id='word_1_1095' title='bbox 1752 2451 1791 2475; x_wconf 86' lang='grc'>23.</span> <span class='ocrx_word' id='word_1_1096' title='bbox 1811 2453 1834 2476; x_wconf 87' lang='lat'>4.</span> 
     </span>
    </p>

    <p class='ocr_par' dir='ltr' id='par_1_26' title="bbox 1087 2490 1915 2610">
     <span class='ocr_line' id='line_1_118' title="bbox 1120 2490 1913 2526; baseline 0.005 -10"><span class='ocrx_word' id='word_1_1097' title='bbox 1120 2490 1403 2517; x_wconf 78' lang='lat' dir='ltr'>Indubitabilis.</span> <span class='ocrx_word' id='word_1_1098' title='bbox 1428 2491 1555 2524; x_wconf 84' lang='lat' dir='ltr'>(Adiect.)</span> <span class='ocrx_word' id='word_1_1099' title='bbox 1587 2494 1653 2518; x_wconf 77' lang='lat' dir='ltr'>Non</span> <span class='ocrx_word' id='word_1_1100' title='bbox 1673 2493 1851 2526; x_wconf 74' lang='lat' dir='ltr'>ambiguus.</span> <span class='ocrx_word' id='word_1_1101' title='bbox 1870 2493 1913 2520; x_wconf 88' lang='lat' dir='ltr'>III.</span> 
     </span>
     <span class='ocr_line' id='line_1_119' title="bbox 1087 2532 1915 2570; baseline 0.004 -10"><span class='ocrx_word' id='word_1_1102' title='bbox 1087 2534 1152 2560; x_wconf 79' lang='lat' dir='ltr'>Cn.</span> <span class='ocrx_word' id='word_1_1103' title='bbox 1171 2532 1339 2559; x_wconf 79' lang='lat' dir='ltr'>Indubitahili</span> <span class='ocrx_word' id='word_1_1104' title='bbox 1358 2534 1432 2569; x_wconf 78' lang='lat' dir='ltr'>signo</span> <span class='ocrx_word' id='word_1_1105' title='bbox 1452 2534 1642 2565; x_wconf 82' lang='lat' dir='ltr'>demonstrare,</span> <span class='ocrx_word' id='word_1_1106' title='bbox 1663 2532 1732 2569; x_wconf 85' lang='lat' dir='ltr'>quod</span> <span class='ocrx_word' id='word_1_1107' title='bbox 1751 2543 1833 2570; x_wconf 85' lang='lat' dir='ltr'>paene</span> <span class='ocrx_word' id='word_1_1108' title='bbox 1851 2535 1915 2562; x_wconf 90' lang='lat' dir='ltr'>nihil</span> 
     </span>
     <span class='ocr_line' id='line_1_120' title="bbox 1087 2575 1845 2610; baseline 0.004 -9"><span class='ocrx_word' id='word_1_1109' title='bbox 1087 2586 1099 2602; x_wconf 86' lang='lat' dir='ltr'>a</span> <span class='ocrx_word' id='word_1_1110' title='bbox 1119 2577 1222 2601; x_wconf 88' lang='lat' dir='ltr'>nomine</span> <span class='ocrx_word' id='word_1_1111' title='bbox 1242 2575 1328 2602; x_wconf 83' lang='lat' dir='ltr'>distat.</span> <span class='ocrx_word' id='word_1_1112' title='bbox 1348 2575 1378 2603; x_wconf 81' lang='lat' dir='ltr'>fr.</span> <span class='ocrx_word' id='word_1_1113' title='bbox 1398 2578 1421 2603; x_wconf 90' lang='lat'>9.</span> <span class='ocrx_word' id='word_1_1114' title='bbox 1442 2577 1462 2610; x_wconf 92' lang='lat'>5.</span> <span class='ocrx_word' id='word_1_1115' title='bbox 1484 2580 1506 2602; x_wconf 66' lang='grc' dir='ltr'>ὅ,</span> <span class='ocrx_word' id='word_1_1116' title='bbox 1528 2577 1558 2603; x_wconf 90' lang='lat' dir='ltr'>de</span> <span class='ocrx_word' id='word_1_1117' title='bbox 1577 2575 1663 2602; x_wconf 86' lang='lat' dir='ltr'>hered.</span> <span class='ocrx_word' id='word_1_1118' title='bbox 1683 2577 1743 2602; x_wconf 86' lang='lat' dir='ltr'>inst.</span> <span class='ocrx_word' id='word_1_1119' title='bbox 1762 2578 1803 2603; x_wconf 83' lang='lat'>28.</span> <span class='ocrx_word' id='word_1_1120' title='bbox 1822 2579 1845 2604; x_wconf 89' lang='lat'>5.</span> 
     </span>
    </p>

    <p class='ocr_par' dir='ltr' id='par_1_27' title="bbox 1087 2618 1912 2774">
     <span class='ocr_line' id='line_1_121' title="bbox 1121 2618 1912 2651; baseline 0.004 -6"><span class='ocrx_word' id='word_1_1121' title='bbox 1121 2619 1403 2646; x_wconf 75' lang='lat' dir='ltr'>Indubitanter.</span> <span class='ocrx_word' id='word_1_1122' title='bbox 1435 2618 1545 2651; x_wconf 81' lang='lat' dir='ltr'>(Advb.)</span> <span class='ocrx_word' id='word_1_1123' title='bbox 1583 2620 1658 2645; x_wconf 83' lang='lat' dir='ltr'>Sine</span> <span class='ocrx_word' id='word_1_1124' title='bbox 1676 2620 1783 2651; x_wconf 83' lang='lat' dir='ltr'>dubio,</span> <span class='ocrx_word' id='word_1_1125' title='bbox 1802 2630 1823 2646; x_wconf 77' lang='lat' dir='ltr'>v.</span> <span class='ocrx_word' id='word_1_1126' title='bbox 1843 2623 1912 2647; x_wconf 74' lang='lat' dir='ltr'>luze-</span> 
     </span>
     <span class='ocr_line' id='line_1_122' title="bbox 1087 2660 1911 2696; baseline 0.002 -8"><span class='ocrx_word' id='word_1_1127' title='bbox 1087 2664 1251 2689; x_wconf 69' lang='lat' dir='ltr'>sitatione.</span> <span class='ocrx_word' id='word_1_1128' title='bbox 1265 2661 1380 2689; x_wconf 77' lang='lat' dir='ltr'>HLGn.</span> <span class='ocrx_word' id='word_1_1129' title='bbox 1400 2661 1490 2687; x_wconf 88' lang='lat' dir='ltr'>lndub.</span> <span class='ocrx_word' id='word_1_1130' title='bbox 1510 2660 1643 2696; x_wconf 85' lang='lat' dir='ltr'>probatur.</span> <span class='ocrx_word' id='word_1_1131' title='bbox 1657 2661 1686 2687; x_wconf 81' lang='lat' dir='ltr'>fr.</span> <span class='ocrx_word' id='word_1_1132' title='bbox 1707 2663 1729 2687; x_wconf 89' lang='lat'>2.</span> <span class='ocrx_word' id='word_1_1133' title='bbox 1750 2661 1770 2694; x_wconf 94' lang='lat'>5.</span> <span class='ocrx_word' id='word_1_1134' title='bbox 1790 2664 1812 2689; x_wconf 88' lang='lat'>7.</span> <span class='ocrx_word' id='word_1_1135' title='bbox 1833 2663 1864 2689; x_wconf 82' lang='lat' dir='ltr'>de</span> <span class='ocrx_word' id='word_1_1136' title='bbox 1882 2664 1911 2690; x_wconf 86' lang='grc' dir='ltr'>Β.</span> 
     </span>
     <span class='ocr_line' id='line_1_123' title="bbox 1087 2702 1910 2737; baseline 0.001 -6"><span class='ocrx_word' id='word_1_1137' title='bbox 1087 2704 1114 2731; x_wconf 89' lang='grc' dir='ltr'>Ρ.</span> <span class='ocrx_word' id='word_1_1138' title='bbox 1140 2714 1152 2730; x_wconf 83' lang='grc'>5</span> <span class='ocrx_word' id='word_1_1139' title='bbox 1186 2710 1203 2731; x_wconf 94' lang='lat' dir='ltr'>t.</span> <span class='ocrx_word' id='word_1_1140' title='bbox 1226 2706 1267 2731; x_wconf 82' lang='lat'>37.</span> <span class='ocrx_word' id='word_1_1141' title='bbox 1294 2706 1333 2730; x_wconf 87' lang='lat'>11.</span> <span class='ocrx_word' id='word_1_1142' title='bbox 1359 2704 1412 2730; x_wconf 87' lang='lat' dir='ltr'>lnd.</span> <span class='ocrx_word' id='word_1_1143' title='bbox 1437 2702 1547 2729; x_wconf 73' lang='lat' dir='ltr'>adscisci</span> <span class='ocrx_word' id='word_1_1144' title='bbox 1571 2704 1641 2736; x_wconf 85' lang='lat' dir='ltr'>(fisci</span> <span class='ocrx_word' id='word_1_1145' title='bbox 1664 2704 1785 2737; x_wconf 85' lang='lat' dir='ltr'>viribus.)</span> <span class='ocrx_word' id='word_1_1146' title='bbox 1809 2705 1858 2732; x_wconf 84' lang='lat' dir='ltr'>Th.</span> <span class='ocrx_word' id='word_1_1147' title='bbox 1881 2705 1910 2732; x_wconf 75' lang='lat' dir='ltr'>C.</span> 
     </span>
     <span class='ocr_line' id='line_1_124' title="bbox 1087 2746 1474 2774; baseline -0.01 -1"><span class='ocrx_word' id='word_1_1148' title='bbox 1087 2747 1156 2774; x_wconf 84' lang='lat' dir='ltr'>XVI.</span> <span class='ocrx_word' id='word_1_1149' title='bbox 1177 2750 1200 2774; x_wconf 90' lang='lat'>5.</span> <span class='ocrx_word' id='word_1_1150' title='bbox 1221 2759 1240 2774; x_wconf 79' lang='lat' dir='ltr'>r.</span> <span class='ocrx_word' id='word_1_1151' title='bbox 1261 2749 1284 2774; x_wconf 88' lang='grc'>3.</span> <span class='ocrx_word' id='word_1_1152' title='bbox 1305 2747 1336 2773; x_wconf 90' lang='lat' dir='ltr'>de</span> <span class='ocrx_word' id='word_1_1153' title='bbox 1355 2746 1474 2771; x_wconf 83' lang='lat' dir='ltr'>haeretic.</span> 
     </span>
    </p>
   </div>
   <div class='ocr_carea' id='block_1_16' title="bbox 1123 2787 1909 2856">
    <p class='ocr_par' dir='ltr' id='par_1_28' title="bbox 1123 2787 1909 2856">
     <span class='ocr_line' id='line_1_125' title="bbox 1123 2787 1909 2826; baseline -0.001 -9"><span class='ocrx_word' id='word_1_1154' title='bbox 1123 2791 1356 2817; x_wconf 73' lang='lat' dir='ltr'>Indubitate.</span> <span class='ocrx_word' id='word_1_1155' title='bbox 1372 2787 1483 2820; x_wconf 83' lang='lat' dir='ltr'>(Advb.)</span> <span class='ocrx_word' id='word_1_1156' title='bbox 1501 2789 1608 2820; x_wconf 82' lang='lat' dir='ltr'>Certo,</span> <span class='ocrx_word' id='word_1_1157' title='bbox 1625 2791 1808 2826; x_wconf 63' lang='lat' dir='ltr'>Manifesta</span> <span class='ocrx_word' id='word_1_1158' title='bbox 1822 2790 1840 2816; x_wconf 92' lang='lat' dir='ltr'>I.</span> <span class='ocrx_word' id='word_1_1159' title='bbox 1850 2792 1909 2824; x_wconf 77' lang='lat' dir='ltr'>Sy.</span> 
     </span>
     <span class='ocr_line' id='line_1_126' title="bbox 1419 2830 1476 2856; baseline -0.018 0"><span class='ocrx_word' id='word_1_1160' title='bbox 1419 2830 1452 2856; x_wconf 84' lang='lat'>58</span> <span class='ocrx_word' id='word_1_1161' title='bbox 1463 2830 1476 2842; x_wconf 60' lang='lat'>⁴⁶</span> 
     </span>
    </p>
   </div>
  </div>
 </body>
</html>
