2197 3121
1047 160 1140 193 SUB.

221 256 254 261 ·-
274 243 307 277 δ.
327 244 362 270 2.
384 245 560 271 Subiiccre.
597 241 616 269 I.
633 243 696 276 Sy.
721 241 867 278 Subiugare
887 241 978 275 (oneri
998 242 1064 275 etc.)

221 295 243 312 c.
257 286 300 312 30.
324 285 356 312 de
375 286 531 313 fideicomm.
551 286 574 311 6.
594 286 635 311 40.

257 329 466 356 Subiioere.
503 330 534 362 §-
548 329 583 354 1.
605 329 722 354 subtus
741 329 854 354 iacere.
891 327 934 353 111.
948 329 1014 355 Gn.
1035 327 1064 354 Si

221 370 287 398 alius
312 372 397 408 ignem
416 372 559 398 subiecerit
577 370 690 402 fornaci,
714 369 780 397 alius
800 369 960 406 negligenter
978 375 1064 397 custo-

220 413 306 440 dierit.
331 414 361 440 fr.
381 416 422 440 27.
447 415 469 448 5.
488 415 512 440 9.
537 412 569 439 ad
588 412 618 439 L.
638 413 706 449 Aqu.
725 414 749 439 9.
768 415 793 439 2.
818 429 848 434 -—
873 414 905 446 §.
924 414 959 440 2.
985 415 1063 440 Sub-

219 459 303 488 dere,
323 458 492 492 subigere.
520 455 563 482 Ill.
579 457 645 483 Gn.
664 456 742 492 Equi,
763 455 858 492 quibus
872 471 904 475 -—
917 455 1062 482 subiecisse

220 500 279 535 quis
298 509 378 535 equas
397 509 458 525 suas
472 498 676 536 proponebatur.
698 498 726 525 fr.
741 501 782 525 52.
803 499 824 532 5.
838 500 880 524 20.
900 497 932 524 de
946 498 1006 525 furt.
1020 500 1061 525 47.

218 543 244 568 2.
259 557 291 561 —
311 542 342 575 §.
365 543 401 568 ³.
425 542 579 569 Obiicere.
616 541 634 568 I.
649 543 711 576 Sy.
731 541 854 568 Obiicere
873 541 1001 574 (bestiis.)
1021 541 1061 568 Cf.

219 583 244 610 h.
265 584 375 618 v.5.1.
396 600 427 604 —
448 585 479 617 §.
496 585 534 610 4.
556 586 755 618 Supponere,
775 586 910 610 Subdole
929 586 1061 620 inferre.

218 626 237 653 1.
257 628 319 661 Sy.
339 626 467 653 Subdere.
488 626 529 653 Ck'.
550 626 574 653 h.
594 637 618 653 v.
638 627 659 660 5.
679 629 702 653 2.
741 627 897 663 Supponere
916 628 1061 664 (partum.)

218 669 249 696 fr.
271 672 294 696 1.
313 670 396 704 §.13.
417 669 448 696 dc
467 670 561 706 inspic.
581 674 681 696 ventre.
700 671 742 696 25.
761 673 785 696 3.
805 669 835 695 fr.
852 671 873 695 l.
893 670 914 703 5.
931 672 969 696 11.
990 670 1020 696 fr.
1036 671 1060 696 2.
1083 697 1084 701 ,

217 713 248 739 fr.
267 713 292 738 3.
313 713 334 746 5.
354 714 378 738 6.
403 712 434 738 sr.
453 714 478 739 9.
498 712 531 738 de
550 712 629 738 Carb.
651 712 727 739 edict.
745 713 787 738 37.
808 713 848 738 10.
885 712 928 739 111.
946 714 1012 740 Cn.
1031 712 1061 739 Si
1082 709 1084 722 ¹

1082 751 1083 797 ἐ
1106 761 1188 782 cusat.
1206 758 1247 783 27.
1269 758 1290 782 1.
1328 756 1357 782 Si
1377 761 1458 783 totam
1477 757 1549 784 litem
1569 759 1609 785 vir
1628 759 1701 785 solus
1725 759 1844 786 subierit.
1871 759 1902 786 fr.
1922 761 1946 786 7.

217 755 260 787 id,
280 754 352 791 quod
371 759 524 792 quaeratur⁷
548 756 604 783 eius
627 753 811 791 magnitudinis
830 759 874 781 aut
893 760 999 781 naturae
1018 756 1061 787 sit,

218 802 247 824 ut
266 807 352 835 neque
371 797 465 824 subiici
486 808 572 834 neque
590 797 627 824 ibi
645 798 743 834 imponi
758 798 852 834 possit.
873 797 929 824 Gai.
944 797 986 824 111.
1003 799 1059 824 193.

219 841 281 876 Qui.
302 851 360 868 cum
379 846 513 876 argentum
533 840 575 866 vel
595 849 683 866 aurum
702 845 822 876 poneret,
845 851 888 867 aes
905 845 1060 867 stannumve

216 883 366 910 subiecerit.
396 883 467 910 Paul.
493 883 524 910 V.
548 885 590 909 25.
618 883 639 917 5.
663 884 688 908 5.
732 882 935 910 instrumentum
966 883 1060 909 falsum

216 927 302 953 sciens
326 926 351 953 d.
371 936 404 953 m.
429 926 558 958 scribere,
581 926 704 957 recitare,
728 926 871 959 subiicere,
896 927 1061 963 supprimere

216 1013 444 1046 Inter-ponere,
464 1013 642 1047 sufficere.
680 1011 699 1037 I.
718 1013 780 1046 Sy.
799 1012 973 1044 Submistere,
993 1011 1060 1038 Sub-

217 1064 310 1081 ornare
330 1053 490 1087 (delatorem
511 1056 579 1086 etc.)
603 1054 634 1081 fr.
656 1056 678 1081 l.
704 1054 734 1081 sr.
754 1057 778 1081 5.
798 1065 838 1092 pr.
862 1055 894 1081 de
918 1057 973 1082 iure
992 1060 1058 1092 patr.

215 1098 258 1123 37.
280 1098 320 1123 14.
339 1096 370 1123 fr.
391 1098 412 1123 1.
437 1097 458 1130 5.
480 1097 518 1122 13.
539 1096 569 1122 sr.
592 1099 631 1123 15.
651 1107 689 1134 pr.
715 1097 747 1124 ad
766 1097 834 1125 S.C.
855 1097 936 1135 Tui-p.
956 1099 998 1125 48.
1019 1099 1058 1124 l6.

218 1139 376 1177 Opponere,
396 1138 565 1165 Substituere
584 1139 683 1173 (alium
702 1140 905 1174 adversarium.)
926 1141 955 1167 fr.
977 1143 1000 1167 1.
1019 1150 1058 1177 pr.

216 1183 247 1209 fr.
261 1185 285 1209 4.
305 1182 368 1215 5.1.
388 1181 420 1208 de
440 1181 516 1208 alien.
536 1182 589 1208 iud.
609 1187 671 1209 mut.
692 1193 713 1210 c.
727 1185 751 1210 4.
766 1186 789 1210 7.
825 1183 869 1210 111.
884 1185 951 1211 011.
970 1183 1000 1210 Si
1018 1185 1059 1210 vir

218 1241 248 1246 —-
268 1224 414 1251 adulterum
434 1224 583 1256 subiecerit,
603 1231 631 1252 ut
649 1227 708 1263 ipse
727 1226 943 1264 deprehenderet.
964 1226 995 1253 fr.
1017 1228 1057 1253 14.

215 1269 238 1302 5.
259 1269 280 1294 l.
300 1267 332 1293 ad
351 1266 380 1294 L.
401 1267 448 1294 Iul.
474 1267 507 1294 de
525 1260 605 1294 adult.
627 1270 667 1296 48.
687 1271 712 1295 5.
749 1269 789 1295 Ne
812 1270 959 1296 inveniatur
982 1270 1058 1300 ratio,
1103 1283 1145 1308 Sit·
1166 1281 1196 1308 sn
1216 1283 1257 1308 23·
1279 1292 1319 1319 pr*
1338 1282 1371 1308 ἀρ
1390 1292 1461 1309 usur·
1481 1285 1523 1309 22.
1545 1285 1566 1310 l.

214 1309 432 1347 quemadmodum
456 1310 577 1337 subiecto
597 1310 685 1347 aliquo
704 1326 738 1330 —
756 1313 861 1338 interim
880 1313 997 1339 actiones
1016 1323 1058 1339 ex-
1079 1315 1080 1322 ¹

214 1352 361 1379 eludantur.
382 1352 411 1379 fr.
430 1355 472 1380 24.
492 1354 513 1387 5.
533 1355 556 1379 2.
577 1353 609 1379 de
628 1353 731 1381 liberali
750 1365 771 1381 c.
791 1356 833 1382 40.
854 1357 894 1382 12.
914 1355 944 1382 cf.
965 1355 995 1382 fr.
1017 1357 1057 1381 14.

214 1395 252 1430 55.
274 1397 296 1422 l.
316 1405 355 1432 sq.
381 1395 413 1422 de
436 1397 462 1422 in
482 1395 550 1422 diem
570 1396 629 1423 add.
650 1398 690 1423 18.
710 1399 734 1424 2.
771 1397 800 1424 Si
824 1398 936 1425 subiecit
959 1397 1056 1424 delato·

213 1448 269 1466 rem
288 1438 354 1470 sibi.
375 1455 407 1458 —
427 1438 468 1465 vel
488 1440 574 1466 minus
594 1439 672 1477 plene
690 1440 808 1467 defendit
827 1451 939 1468 causam.
965 1440 995 1468 fr.
1015 1443 1056 1467 50.

214 1481 236 1515 5.
255 1483 280 1508 2.
301 1481 333 1508 de
352 1480 428 1517 legat.
448 1482 466 1508 I.
481 1483 548 1515 (30.)
563 1498 593 1502 -
614 1484 645 1516 §.
662 1485 699 1510 6.
721 1486 884 1516 Adiicere,
905 1486 1056 1511 Inserere.

213 1523 233 1551 Ι.
251 1525 313 1559 Sy.
333 1523 506 1560 Subiungere.
531 1525 561 1552 fr.
582 1527 621 1552 15.
642 1526 674 1553 de
693 1531 816 1553 transact.
836 1530 859 1553 2.
882 1529 921 1553 15.
945 1526 1017 1553 Paul.
1037 1526 1056 1553 Ι.

214 1568 238 1593 1.
258 1567 279 1601 5.
293 1568 318 1593 3.
342 1566 383 1593 111.
396 1569 462 1595 Cn.
483 1568 650 1603 Quibusdam
670 1570 838 1602 enumeratis,
857 1569 978 1606 generale
997 1569 1057 1596 sub-

214 1610 294 1637 iicere
314 1610 431 1636 verbum.
451 1610 481 1636 fr.
501 1613 542 1637 27.
564 1611 585 1645 5.
608 1613 646 1638 16.
666 1612 698 1638 ad
717 1612 746 1639 L.
767 1612 834 1649 Aqu.
853 1614 877 1640 9.
897 1615 921 1639 2.
943 1613 999 1639 Gai.
1011 1612 1055 1639 IV.

213 1654 255 1679 34.
291 1652 447 1690 Exemplum
466 1653 549 1679 libelli
563 1670 593 1673 —
615 1655 709 1681 subiici
728 1656 802 1682 iussi.
822 1655 852 1681 fr.
866 1657 888 1682 6.
909 1655 941 1682 ad
960 1655 989 1682 L.
1008 1655 1055 1682 Iul.

214 1694 248 1722 de
271 1696 296 1722 vi
321 1695 382 1733 pub.
407 1697 448 1722 48.
473 1698 496 1722 6.
523 1696 564 1723 Cs.
589 1697 658 1724 Coll.
679 1697 732 1724 LL.
751 1698 784 1725 Μ.
804 1697 863 1725 XV.
883 1700 908 1725 2.
940 1698 1055 1725 Iulianus

214 1738 322 1765 subiicit
345 1744 394 1765 etc.
423 1738 507 1765 Vatie.
532 1740 553 1773 5.
573 1740 615 1766 88.
656 1739 736 1767 Paeto
761 1746 891 1768 convento
916 1741 1055 1778 Aquiliana

214 1781 349 1818 stipulatio
374 1780 468 1808 subiici
491 1782 567 1809 solet.
596 1782 626 1810 sr.
648 1785 687 1810 15.
712 1783 745 1810 de
767 1789 891 1811 transact.
914 1786 938 1811 2.
962 1786 1001 1811 15.
1022 1800 1053 1804 -

213 1824 245 1857 ἓ.
266 1825 298 1851 2.
319 1826 472 1857 Sumere,
494 1826 675 1852 Obnoxiam
690 1828 818 1862 facere,
838 1826 898 1860 (Cf.
917 1837 941 1854 v.
961 1827 1054 1854 Subie-

214 1871 280 1892 ctus.
300 1867 337 1900 55
351 1869 375 1893 3.
389 1868 426 1900 4.)
462 1867 481 1894 I.
501 1869 563 1903 Sy.
583 1867 712 1905 Redigere
731 1870 757 1896 in
777 1875 825 1896 etc.
846 1870 887 1897 Cf.
907 1870 931 1896 h.
951 1880 975 1897 v.
995 1871 1015 1904 5.
1030 1871 1053 1897 4.

212 1909 336 1936 Adficere
356 1911 483 1947 (poena.)
503 1910 532 1937 fr.
554 1913 575 1938 1.
596 1911 634 1945 55.
652 1913 676 1938 2.
696 1922 753 1949 sqq.
774 1914 797 1939 9.
818 1912 850 1939 de
870 1912 898 1939 L.
919 1912 1000 1939 Corn.
1021 1913 1053 1939 de

213 1952 269 1978 fals.
289 1954 332 1978 48.
356 1954 395 1979 10.
415 1952 445 1979 sr.
463 1955 503 1979 15.
523 1964 561 1990 pr.
582 1954 614 1980 ad
632 1956 725 1982 munic.
746 1958 787 1982 50.
810 1958 832 1982 l.
870 1956 1054 1983 Condemnare

212 1996 335 2028 (usuris.)
355 1995 387 2021 fr.
401 1997 442 2022 38.
463 1995 495 2022 de
514 1996 546 2023 N.
565 1996 597 2023 G.
616 1999 639 2024 3.
659 1999 683 2024 5.
720 1998 761 2025 111.
777 2000 842 2027 Cn.
862 1998 898 2025 Se
917 1999 1053 2031 relevabit,

212 2047 261 2064 nec
280 2040 400 2064 maritum
419 2049 519 2076 poenae
538 2040 668 2066 subiiciet.
688 2040 717 2067 fr.
731 2043 755 2067 2.
775 2042 796 2075 5.
812 2044 833 2068 7.
853 2041 885 2068 ad
904 2041 934 2068 L.
954 2041 1001 2068 lul.
1021 2042 1053 2068 de

212 2080 294 2107 adult.
314 2083 354 2107 48.
375 2083 399 2107 5.
419 2081 477 2108 Gai.
495 2082 536 2108 III.
553 2084 609 2109 193.
646 2083 713 2110 Iuris
732 2084 845 2111 vinculis
864 2085 967 2111 subiici.
987 2096 1008 2112 c.
1027 2087 1051 2112 3.

212 2122 245 2150 de
263 2123 338 2150 milit.
363 2129 464 2151 testam.
484 2127 508 2151 6.
527 2127 568 2151 21.
605 2125 780 2153 Praestationi
804 2128 970 2163 vectigalium
992 2128 1053 2154 sub-

213 2166 264 2192 iici.
283 2166 312 2193 fr.
333 2168 357 2192 9.
377 2167 398 2201 5.
420 2170 442 2194 7.
463 2167 494 2194 de
514 2167 645 2204 publican.
664 2171 706 2196 39.
725 2172 749 2196 4.
769 2169 906 2197 Subiicere
926 2170 970 2204 [al.
985 2170 1052 2198 Sub-

214 2208 300 2243 icere]
325 2209 437 2246 aliquem
462 2212 611 2237 necessitati
635 2212 823 2239 satisdationis.
850 2213 879 2240 fr.
898 2215 940 2240 31.
961 2225 1000 2251 pr.
1019 2214 1052 2241 de

213 2251 269 2277 reb.
288 2257 352 2278 auct.
367 2253 417 2279 iud.
432 2256 473 2279 42.
488 2254 511 2279 5.
541 2254 677 2281 Subiicere
696 2264 725 2281 se
744 2257 825 2288 oneri,
845 2266 868 2283 v.
889 2257 937 2283 iuri
957 2257 1050 2284 alieno.

214 2293 271 2320 Gai.
291 2293 308 2320 I.
329 2296 385 2321 172.
405 2296 446 2322 Ill.
466 2298 507 2322 5⁴.
529 2296 570 2322 IV.
591 2299 633 2323 80.
658 2297 687 2323 fr.
708 2299 731 2324 4.
757 2299 777 2331 5,
800 2300 821 2325 l.
842 2298 874 2325 de
893 2304 962 2325 statu
981 2299 1050 2327 hom.

216 2338 237 2362 1.
251 2339 274 2362 5.
304 2336 478 2365 Iurisdictioni
499 2349 527 2365 se
546 2339 684 2366 subiicere.
705 2340 734 2366 fr.
750 2343 788 2367 14.
809 2341 841 2367 de
859 2341 950 2368 iurisd.
970 2344 994 2368 2.
1012 2344 1033 2369 l.

248 2379 427 2406 Subinde.
456 2382 568 2414 (Advb.)
597 2383 627 2416 ξ.
647 2384 681 2409 l.
705 2385 830 2410 Postea.
867 2384 910 2411 111.
929 2386 997 2412 Cn.
1019 2385 1051 2412 Vt

212 2423 245 2453 is,
265 2423 309 2458 qui
329 2421 470 2458 stipulatus
489 2425 531 2455 sit,
550 2425 663 2452 subinde
677 2431 740 2461 agat.
760 2426 790 2452 l'r.
806 2428 845 2453 18.
862 2432 908 2453 rat.
923 2438 977 2454 rem
991 2427 1049 2455 hab.

212 2466 254 2491 46.
269 2468 292 2490 ὅ.
308 2480 337 2484 -
359 2465 389 2497 §-
402 2466 437 2492 2.
459 2467 600 2500 Saepius.
638 2468 681 2494 111.
696 2470 761 2495 011.
781 2469 862 2506 quue
880 2469 921 2496 vel
938 2471 1051 2498 subinde

213 2512 320 2538 mutare.
341 2507 406 2533 nihil
426 2507 555 2544 probibet.
580 2509 609 2536 fr.
629 2512 652 2537 6.
677 2512 698 2545 5.
722 2513 743 2537 l.
769 2511 895 2547 Quemad.
915 2515 1005 2540 servit.
1025 2515 1049 2541 8.

212 2552 237 2576 6.
275 2549 341 2576 Cum
362 2551 387 2576 in
411 2551 529 2576 notitiam
553 2561 633 2578 ineam
656 2553 787 2590 prolatum
807 2560 859 2583 est.
884 2555 996 2582 subinde
1015 2561 1050 2583 te-

212 2598 339 2619 stamenta
364 2608 394 2611 —
418 2593 531 2630 proferri
554 2597 602 2620 etc.
627 2594 658 2621 fr.
678 2598 700 2622 l.
725 2607 765 2634 pr.
792 2597 824 2623 de
848 2597 922 2624 milit.
947 2603 1048 2625 testam.
1070 2613 1072 2621 ι

212 2637 253 2662 29.
276 2637 297 2661 1,

246 2678 393 2705 Subire.
429 2679 460 2712 ᾖ.
475 2680 509 2705 l.
530 2681 642 2711 Adire,
663 2681 803 2716 Ingredi.
833 2682 851 2709 I.
868 2684 929 2717 Sy.
949 2683 1048 2711 Intrare

212 2721 330 2754 (flumen,
350 2731 373 2746 v.
394 2723 519 2757 portum)
540 2722 580 2748 Cf.
597 2722 620 2747 h.
636 2732 659 2748 v.
675 2738 705 2741 —
725 2725 755 2757 §.
767 2727 801 2752 2.
820 2728 1046 2760 Snpervenire.

213 2766 418 2790 succurrere.
453 2764 494 2790 111.
516 2766 581 2792 Gn.
607 2764 779 2793 studentibus
802 2769 878 2795 nobis
899 2785 929 2789 --
950 2770 976 2796 in
996 2771 1048 2796 ani-

212 2816 281 2833 mum
306 2806 394 2833 subiit.
424 2816 444 2833 c.
467 2809 488 2833 1.
513 2807 546 2834 de
570 2808 613 2834 off.
638 2806 689 2834 Prf.
714 2807 759 2834 Vr.
785 2811 807 2836 l.
830 2812 872 2838 28.
898 2829 926 2832 —
956 2812 988 2846 §-
1009 2814 1045 2839 3.

1885 167 1947 197 917

1110 244 1289 269 Suc-cedere.
1326 243 1368 270 III.
1389 245 1455 271 Gn·
1480 243 1516 271 Vt
1540 244 1609 272 idem
1636 245 1770 283 praedium
1795 247 1818 273 ci
1838 247 1949 283 pignori.

1108 284 1307 322 liypotliecaeve
1331 287 1378 318 sit,
1403 291 1428 312 et
1452 287 1538 314 locum
1563 289 1618 315 eius
1642 288 1742 315 subeat.
1767 288 1796 315 fr.
1820 291 1858 316 12.
1883 290 1904 323 5.
1924 291 1948 316 8.

1109 328 1162 363 Qui
1185 332 1239 365 pot.
1263 330 1304 354 20.
1325 331 1348 355 4.
1374 345 1406 348 —
1434 329 1468 364 ἓ.
1490 332 1528 357 4.
1560 333 1745 366 Suaeipere,
1772 334 1948 359 Sustinere.

1107 370 1126 397 I.
1142 372 1204 405 Sy.
1231 370 1313 397 Adire
1333 371 1547 406 (hereditatem.)
1568 373 1617 400 Th.
1638 374 1669 400 C.
1690 374 1732 401 IV.
1751 376 1776 400 2.
1796 385 1816 401 c.
1838 376 1860 401 1.
1881 374 1950 401 unde

1107 413 1152 440 lib.
1188 413 1374 450 Adgnoscere‚
1394 414 1532 442 Sustinere
1551 417 1700 449 (munera.)
1721 427 1742 444 c.
1765 419 1785 444 1.
1806 427 1862 454 sqq.
1883 428 1905 444 c.
1924 419 1948 444 9.

1106 466 1145 493 sq.
1165 456 1197 483 de
1215 466 1284 483 mun.
1305 458 1406 494 patrim.
1428 460 1466 484 10.
1487 461 1528 484 41.
1566 458 1702 496 lmplicare
1726 470 1755 486 se
1780 460 1948 493 (oneribus.)

1107 498 1148 525 Cf.
1169 499 1193 526 h.
1212 510 1235 526 v.
1259 500 1281 533 5.
1301 502 1325 526 2.
1366 499 1505 527 Intendere
1529 502 1763 535 (accusationem.)
1792 513 1813 530 c.
1835 505 1856 529 1.
1882 513 1903 529 c.
1923 504 1948 529 8.

1107 552 1128 568 c.
1144 544 1183 569 12.
1203 552 1225 569 c.
1241 543 1280 568 14.
1301 542 1353 578 Qui
1373 553 1424 569 acc.
1445 553 1469 570 n.
1490 554 1561 581 poss.
1576 546 1599 571 9.
1615 547 1636 571 l.
1657 545 1698 571 Ill.
1711 547 1776 572 Cn.
1797 545 1826 572 Si
1845 547 1948 582 quis—

1106 584 1224 611 militiam
1243 584 1378 611 subiisset.
1399 585 1428 612 fr.
1448 588 1472 612 2.
1492 587 1513 620 5.
1533 588 1558 613 2.
1578 586 1610 613 de
1630 587 1653 614 h.
1675 589 1718 624 qui
1739 593 1792 614 not.
1813 588 1858 614 inf.
1878 590 1902 615 3.
1922 590 1947 615 2.

1106 627 1228 660 Interest,
1248 627 1331 654 filium
1350 629 1504 655 servitutem
1523 639 1574 656 non
1594 630 1690 657 subire.
1713 631 1743 657 l'r.
1765 633 1787 657 1.
1808 641 1846 668 pr.
1867 631 1900 657 de
1918 630 1948 658 Ii-

1106 670 1189 697 berali
1208 681 1229 697 c.
1250 672 1291 697 40.
1313 672 1352 696 12.
1390 670 1478 698 Onera
1501 673 1673 705 matrimonii,
1697 684 1721 700 v.
1741 673 1817 700 Onus
1841 674 1947 707 tutelae,

1105 713 1203 740 subire.
1224 713 1254 740 fr.
1275 715 1297 739 7.
1317 723 1356 750 pr.
1377 713 1410 740 de
1428 715 1484 740 iure
1503 714 1557 742 dot.
1576 717 1618 742 23.
1637 718 1660 742 3.
1685 716 1715 743 fr.
1734 718 1775 743 31.
1796 727 1834 753 pr.
1854 717 1887 743 de
1906 727 1948 743 ex-

1082 799 1083 805 *
1105 799 1126 833 5.
1146 801 1171 825 2.
1197 799 1229 825 de
1253 798 1315 825 dote
1337 799 1450 836 praeleg.
1474 802 1516 827 33.
1539 803 1563 827 4.
1606 802 1722 828 Eandem
1745 803 1845 834 vicem,
1870 812 1947 839 quam

1081 844 1082 850 ¹
1105 851 1179 873 reus,
1204 841 1301 868 subire.
1330 842 1360 869 fr.
1380 845 1421 869 51.
1447 843 1469 877 5.
1490 845 1512 870 1.
1537 843 1569 870 de
1593 855 1697 882 procur.
1716 846 1741 871 3.
1760 846 1784 871 3.
1822 844 1889 871 Cum
1914 855 1946 872 ex

1081 864 1082 879 1

1081 895 1083 910 l

1104 884 1152 910 hac
1171 894 1199 911 re
1212 885 1304 911 subeat
1318 885 1570 914 condemnationem.
1591 887 1620 914 sr.
1634 890 1658 914 2..
1679 888 1701 921 5.
1713 889 1736 913 5.
1752 887 1783 913 ad
1798 887 1861 914 S.C.
1876 887 1945 914 Vell.

1081 928 1083 940 ³
1106 928 1146 953 16.
1167 929 1188 954 l.
1214 926 1286 954 Paul.
1306 927 1323 954 1.
1345 929 1383 954 15.
1404 929 1425 962 5.
1447 931 1468 956 1.
1506 929 1629 967 Satisque
1649 941 1749 967 poenae
1769 931 1858 957 subire
1878 941 1945 963 eum,

217 973 267 995 etc.
286 968 323 995 Id.
350 969 388 1003 55.
409 970 431 995 l.
451 971 475 995 5.
500 968 516 995 l.
536 968 552 995 l.
578 967 610 994 cf.
630 967 673 995 IV.
694 970 717 995 7.
741 969 779 1003 55.
800 971 822 995 l.
847 979 887 1006 sq.
913 985 945 989 —
969 970 1000 1003 ἓ.
1021 970 1058 996 5.
1081 998 1082 1007 ¹

1104 971 1126 996 si
1146 975 1195 996 etc.
1219 970 1250 996 fr.
1272 972 1312 996 19.
1338 970 1370 996 de
1394 971 1419 997 in
1444 972 1484 997 ius
1508 982 1564 999 voc.
1584 975 1608 999 2.
1628 975 1652 1000 4.
1697 973 1733 999 Vt
1756 983 1808 999 non
1834 973 1946 1000 debeant

1103 1012 1170 1039 hanc
1190 1012 1374 1039 contumeliam
1399 1014 1570 1041 satisdatione
1593 1016 1689 1042 subire.
1714 1016 1743 1043 fr.
1765 1018 1804 1043 17.
1828 1017 1850 1050 5.
1869 1018 1894 1043 2.
1914 1016 1946 1043 de

1103 1060 1205 1082 testam.
1225 1060 1273 1082 tut.
1286 1056 1328 1082 26.
1342 1058 1366 1082 2.
1395 1056 1481 1083 Grave
1500 1057 1646 1090 videbatur.
1660 1075 1692 1078 —
1707 1060 1783 1085 etiam
1802 1060 1946 1096 periurium

1103 1109 1199 1135 anceps
1218 1098 1316 1126 subire.
1339 1098 1369 1125 fr.
1388 1101 1412 1125 4.
1432 1109 1470 1136 pr.
1489 1100 1522 1126 de
1540 1102 1566 1127 in
1585 1101 1624 1128 lit.
1644 1103 1692 1128 iur.
1714 1104 1753 1128 12.
1772 1104 1797 1128 3.

1138 1153 1281 1180 Subito.
1301 1152 1415 1186 (Advb.)
1434 1155 1484 1181 Ex
1501 1157 1676 1190 improviso
1706 1156 1747 1183 111.
1761 1158 1827 1184 Cn.
1842 1156 1945 1188 Subito,

1103 1197 1128 1222 in
1149 1195 1238 1222 abdito
1258 1195 1344 1222 locum
1363 1197 1488 1233 positum,
1511 1214 1540 1217 —
1561 1199 1686 1225 invenire.
1711 1199 1740 1225 fr.
1760 1201 1800 1226 63.
1827 1200 1849 1233 5.
1868 1202 1892 1226 3.
1912 1199 1945 1226 de

1102 1239 1134 1265 A.
1155 1238 1187 1265 R.
1208 1238 1241 1265 D.
1261 1240 1303 1265 41.
1324 1241 1346 1265 l.
1384 1238 1413 1265 Si
1437 1240 1539 1276 reipub.
1564 1251 1584 1267 c.
1609 1241 1702 1268 abesse
1725 1242 1813 1269 subito
1838 1248 1944 1270 coactus

1136 1337 1302 1363 Subit-us.
1341 1337 1479 1370 (Adiect.)
1517 1339 1567 1364 Ex
1592 1340 1771 1373 improviso
1795 1350 1943 1374 superve-

1101 1381 1199 1406 niens.
1235 1379 1278 1406 111.
1292 1381 1358 1407 οη.
1378 1380 1471 1406 Subita
1490 1381 1530 1406 vis
1549 1383 1621 1407 venti
1641 1381 1761 1418 (longius
1781 1384 1865 1419 ignem
1884 1392 1944 1420 pro-

1101 1422 1202 1454 duxit.)
1226 1421 1256 1449 fr.
1280 1424 1322 1450 30.
1347 1423 1368 1457 5.
1388 1424 1412 1450 3.
1438 1422 1470 1449 ad
1493 1422 1523 1450 L.
1546 1424 1614 1460 Aqu.
1639 1426 1662 1450 9.
1687 1427 1711 1451 2.
1755 1425 1784 1452 Si
1812 1427 1943 1452 civitatem

1101 1466 1201 1491 amittat
1220 1476 1267 1503 per
1284 1466 1397 1492 subitam
1416 1467 1578 1493 servitutem.
1598 1466 1628 1493 fr.
1649 1468 1672 1493 6.
1700 1468 1722 1501 5.
1741 1469 1764 1494 5.
1789 1467 1821 1494 de
1845 1469 1943 1495 iniusto

1101 1513 1169 1545 rupt.
1189 1509 1231 1534 28.
1250 1510 1275 1534 3.
1313 1508 1341 1535 Si
1365 1508 1451 1535 subita
1475 1514 1559 1536 morte
1583 1510 1730 1546 urgebatur.
1757 1510 1813 1537 Gai.
1833 1511 1863 1537 11.
1884 1513 1943 1538 102.

1078 1557 1079 1561 ¹
1100 1549 1171 1577 Paul.
1192 1550 1221 1577 ll.
1243 1552 1283 1578 15,
1303 1552 1368 1585 5.1.

1134 1605 1360 1640 Subiugare.
1397 1607 1428 1640 ξ.
1447 1608 1482 1634 1.
1508 1609 1589 1642 Ingo
1609 1610 1772 1641 copulare.
1810 1608 1854 1634 ΙΙΙ.
1875 1609 1941 1636 Gn.

1077 1644 1079 1677 ἶ
1100 1648 1191 1685 Equos
1211 1664 1243 1667 —
1262 1649 1441 1685 subiugandos
1462 1650 1603 1686 quadrigis.
1630 1649 1679 1676 Th.
1700 1650 1730 1677 C.
1752 1650 1794 1678 vl.
1815 1653 1838 1677 4.
1859 1661 1879 1677 c.
1901 1653 1941 1678 19.

1094 1691 1133 1717 rde
1152 1690 1238 1717 Praet.
1259 1696 1284 1718 et
1304 1694 1354 1727 Qu.
1376 1691 1417 1718 Cf.
1432 1692 1498 1719 VIII.
1513 1696 1536 1720 5.
1558 1703 1578 1719 c.
1595 1695 1634 1719 14.
1654 1694 1676 1727 5.
1690 1695 1714 1719 2.
1734 1693 1766 1719 de
1786 1704 1864 1720 cursu
1878 1694 1941 1731 pub.

1101 1750 1131 1753 —
1153 1734 1184 1767 ξ.
1205 1736 1241 1760 2.
1273 1736 1442 1770 Subigere,
1468 1738 1635 1763 Subditum
1650 1738 1773 1772 facere.
1811 1736 1853 1763 III.
1874 1738 1941 1764 Gn·

1098 1776 1160 1813 Iugo
1180 1776 1317 1803 barbarico
1341 1777 1480 1805 durissime
1502 1779 1678 1815 subiugabant
1696 1780 1850 1816 (corpora.)
1875 1790 1895 1806 c.
1919 1782 1940 1806 1.

1099 1830 1138 1856 pr.
1158 1819 1191 1846 de
1210 1820 1253 1846 olI'.
1275 1819 1325 1846 Prf.
1341 1819 1381 1846 Pr.
1396 1820 1452 1846 Afr.
1471 1823 1492 1848 l.
1511 1823 1553 1848 27.
1591 1821 1744 1859 Triumphis
1764 1823 1862 1848 uostris
1880 1822 1940 1849 sub—

1098 1863 1169 1899 iugat
1192 1862 1225 1889 de
1248 1862 1325 1889 hoste
1349 1864 1475 1899 captivos.
1500 1863 1549 1890 Th.
1570 1864 1600 1891 C.
1624 1864 1669 1891 XI.
1696 1867 1735 1891 ls.
1759 1875 1780 1891 c.
1802 1867 1823 1891 1.
1849 1865 1902 1901 Qui
1926 1877 1940 1892 a

1098 1905 1209 1942 praebit.
1228 1906 1305 1932 tiron.
1327 1922 1357 1925 —
1378 1907 1409 1939 §.
1428 1908 1465 1933 3.
1488 1909 1667 1939 Subiicme,
1689 1909 1939 1944 Obnoxiumfa-

1097 1959 1171 1975 cere.
1208 1948 1226 1974 1.
1242 1950 1303 1983 Sy.
1324 1948 1445 1976 Subdere
1464 1950 1644 1983 (sentcntiae.)
1664 1950 1700 1977 lb.
1719 1951 1753 1977 X.
1772 1952 1813 1977 24.
1834 1961 1855 1977 c.
1868 1953 1891 1977 2.
1906 1950 1939 1977 de

1097 1990 1122 2017 h.
1142 2001 1184 2027 qu.
1205 2001 1225 2017 c.
1246 1991 1314 2028 disp.
1335 1992 1471 2028 Subigere.
1493 1992 1534 2019 Cf.
1555 1992 1579 2019 b.
1600 2003 1623 2019 v.
1644 1994 1665 2027 5.
1679 1995 1702 2019 2.
1732 1993 1860 2020 Mulctari.
1880 1993 1939 2020 Ple-

1098 2036 1139 2061 cti.
1160 2034 1300 2071 Subiugari
1320 2036 1448 2072 (poena.)
1476 2035 1513 2061 lb.
1533 2035 1578 2062 IX.
1597 2038 1638 2062 24.
1660 2046 1681 2062 c.
1703 2038 1724 2062 l.
1745 2037 1781 2070 55.
1802 2039 1825 2062 4.
1846 2046 1884 2073 sq.
1905 2036 1938 2063 de

1097 2082 1173 2114 raptu
1192 2079 1272 2113 virgg.
1292 2077 1363 2104 XVI.
1385 2080 1425 2104 10.
1444 2088 1465 2104 c.
1487 2080 1526 2104 12.
1551 2078 1573 2112 5.
1593 2080 1617 2105 4.
1636 2078 1668 2104 de
1687 2089 1778 2115 pagan.
1814 2079 1844 2105 II.
1869 2081 1937 2113 ⁰1²·

1096 2119 1181 2146 Patris
1201 2120 1293 2146 ditioni
1306 2121 1447 2157 subiugari.
1464 2136 1494 2139 —
1514 2120 1610 2148 Evolvi
1628 2123 1718 2148 sacris.
1738 2121 1822 2148 Vatic.
1842 2122 1862 2155 5
1877 2123 1936 2148 248.

1095 2162 1139 2189 Ill.
1151 2164 1217 2190 Cn.
1236 2162 1303 2189 Huic
1322 2163 1372 2199 legi
1391 2163 1561 2200 subiugamus
1581 2163 1627 2198 [al.
1643 2163 1839 2200 subiungimus]
1860 2166 1937 2191 etiam

1096 2206 1226 2232 absentes.
1247 2216 1268 2232 c.
1290 2208 1328 2233 12.
1349 2207 1370 2240 5.
1391 2208 1414 2232 4.
1435 2206 1467 2232 de
1485 2206 1516 2233 R.
1535 2206 1566 2233 C.
1586 2208 1609 2232 4.
1631 2208 1653 2233 1.
1690 2206 1807 2233 Publicis
1826 2207 1937 2243 legibus,

1096 2259 1120 2275 v.
1140 2247 1240 2275 Vltimo
1260 2250 1340 2275 exitio
1360 2254 1408 2275 etc.
1427 2249 1588 2285 subiugetur.
1609 2248 1656 2275 Th.
1673 2248 1703 2275 C.
1718 2249 1762 2276 IX.
1779 2252 1801 2276 1.
1821 2260 1842 2276 c.
1865 2252 1885 2276 1.
1903 2250 1937 2277 de

1096 2302 1180 2318 accus.
1195 2292 1239 2318 XI.
1256 2294 1295 2318 11.
1315 2302 1336 2318 c.
1358 2294 1380 2318 1.
1400 2302 1432 2318 ne
1452 2292 1536 2318 damn.
1556 2302 1630 2329 prov.
1650 2292 1692 2324 (l'r.
1712 2295 1753 2318 43.
1774 2292 1806 2318 de
1825 2303 1875 2319 rec.
1891 2294 1936 2329 qui

1096 2334 1150 2360 arb.
1170 2336 1193 2360 4.
1213 2335 1256 2367 8.)
1282 2334 1337 2361 XII.
1360 2336 1381 2360 l.
1403 2345 1423 2360 c.
1445 2336 1501 2361 150.
1522 2334 1554 2361 de
1573 2334 1707 2361 decurion.
1745 2335 1870 2361 Dominio
1890 2341 1935 2362 tuo

1096 2387 1154 2403 eum
1177 2377 1335 2413 subiugabit.
1361 2387 1380 2403 c.
1400 2379 1424 2403 2.
1449 2378 1471 2403 si
1495 2387 1563 2404 serv.
1588 2383 1630 2404 aut
1651 2378 1695 2404 lib.
1717 2379 1756 2403 10.
1776 2379 1817 2403 32.
1855 2377 1935 2404 Com-

1095 2420 1246 2457 petentibus
1270 2419 1418 2446 actionibus
1440 2420 1581 2457 subiugari.
1608 2431 1628 2447 c.
1650 2422 1688 2446 12.
1710 2420 1742 2446 dc
1760 2420 1791 2446 A.
1812 2430 1834 2446 v.
1855 2419 1886 2446 R.
1907 2420 1933 2447 P.

1095 2465 1118 2489 7.
1137 2465 1179 2489 32.

1128 2505 1449 2533 Subiunctorium.
1490 2508 1677 2533 Vehiculum
1707 2505 1870 2538 (subiunctis
1898 2507 1934 2532 iu-

1094 2549 1188 2574 mentis
1201 2547 1378 2579 trahendum.)
1415 2548 1457 2575 111.
1470 2550 1535 2576 Cn.
1555 2548 1627 2575 Nulli
1643 2565 1672 2569 —
1686 2548 1870 2575 subiunctorio
1883 2550 1934 2586 pri-

1094 2596 1153 2617 vato
1168 2590 1286 2617 animalia
1300 2590 1405 2628 publica
1419 2591 1600 2628 praebeantur.
1621 2591 1670 2617 Th.
1685 2590 1716 2617 C.
1731 2590 1799 2617 Vlll.
1812 2592 1837 2618 5.
1856 2601 1877 2617 c.
1893 2593 1932 2618 10.

1093 2633 1125 2660 de
1145 2644 1223 2660 cursu
1242 2633 1303 2670 pub.

1127 2685 1377 2718 Subiungere.
1419 2686 1600 2716 Subiicere,
1629 2686 1787 2710 Adiicere.
1830 2683 1848 2710 Ι.
1869 2686 1930 2718 Sy.

1092 2726 1236 2754 Subiicere.
1257 2727 1298 2753 Cl'.
1319 2727 1343 2753 11.
1363 2737 1387 2753 v.
1407 2727 1429 2760 5
1443 2729 1467 2753 6.
1487 2726 1602 2763 Iungere.
1623 2726 1652 2753 fr.
1666 2728 1690 2753 3.
1710 2727 1731 2760 5.
1747 2729 1785 2753 12.
1800 2737 1839 2763 sq.
1859 2727 1889 2753 fr.
1907 2728 1929 2753 7.

1091 2770 1112 2803 5.
1134 2772 1156 2796 7.
1182 2770 1213 2796 ad
1238 2769 1324 2796 exhib.
1351 2771 1390 2795 10.
1415 2771 1439 2794 4.
1475 2768 1518 2795 111.
1538 2771 1603 2797 Gn.
1627 2769 1754 2807 Pompon.
1778 2770 1877 2796 scribit.
1898 2785 1929 2789 —

1090 2812 1190 2839 Ibidem
1209 2812 1343 2848 subiungit
1362 2816 1410 2838 etc.
1431 2811 1461 2838 fr.
1480 2813 1504 2838 3.
1524 2812 1622 2846 5512.
1639 2822 1678 2849 sq.
1698 2813 1730 2839 ad
1750 2812 1836 2839 exliib.
1853 2814 1890 2837 10.
1906 2813 1929 2837 4.
