2197 3121
1014 143 1110 173 1MM.

203 227 408 265 provincialibus
429 244 460 248 ——
480 228 543 254 haec
567 228 639 264 optio
663 224 804 252 immobilis
824 224 994 258 decernatur,
1012 230 1041 252 ut

204 276 253 298 etc.
274 270 323 297 Th.
345 270 375 297 C.
397 270 453 297 VII.
475 273 514 297 13.
535 281 556 297 c.
579 272 617 296 10.
638 269 670 296 de
689 270 766 295 tiron.
1062 301 1064 307 Ι

239 315 508 341 Ιιιιιιιοιίοηιΐθ.
546 312 657 346 (Advb.)
700 314 887 341 Immodice,
911 313 1040 338 Libidi-

204 367 284 383 nose.
310 356 365 383 -III.
388 358 453 384 Cn.
475 356 527 392 Qui
548 366 560 381 a
580 359 750 392 praeceptore
766 371 795 375 -κ
810 354 868 380 ideo
889 353 961 389 sugit,
981 355 1041 390 quia

204 401 274 426 imm.
294 410 324 425 eo
345 399 473 425 utebatur.
493 399 525 425 fr.
545 399 584 424 17.
609 397 630 430 ξ.
650 399 673 423 3.
699 397 731 424 de
751 396 836 423 Aedil.
857 396 933 423 edict.
953 399 995 423 21.
1017 398 1039 423 l.

203 442 260 469 Nec
279 453 342 468 vero
361 444 429 468 imm.
454 451 501 468 suo
525 442 581 467 iure
604 444 699 466 utatur.
724 439 772 467 Th.
799 439 830 466 C.
849 439 893 466 IX.
914 441 954 465 12.
974 449 996 465 c.
1018 441 1039 465 1.

205 485 238 511 de
258 485 357 512 emend.
377 495 475 511 servor.

241 527 523 555 Immoderatio.
559 527 826 555 Immoderantia.
850 526 1039 559 Tam-palio.

204 571 223 597 I.
243 572 304 605 Sy.
324 570 494 607 Impudentia.
515 568 637 595 Consult.
658 573 708 595 vet.
728 567 802 594 Leti.
823 577 843 594 c.
863 570 886 594 9.
917 567 960 594 III.
975 569 1040 595 Cn.

206 613 285 649 Quod
309 623 360 639 non
384 614 433 639 iam
458 613 558 649 pactio,
583 612 630 638 sed
656 610 781 648 quaedam
805 626 837 629 —
862 610 1041 637 immoderatio
1062 606 1064 618 ¹

206 655 337 682 doceatur.
357 655 394 681 lb.
414 655 430 681 l.
446 655 462 681 l.

240 699 530 725 lmmoderatus.
573 697 708 729 (Adiect.)
752 697 847 723 Immo
857 697 962 727 dicus,
986 697 1042 722 Li-

205 743 376 767 hidinosus.
414 740 431 766 I.
458 744 518 775 Sy.
539 740 679 771 immensa,
699 739 852 769 Immodica.
873 738 1042 765 Immoderata

205 783 362 816 (liberalitas
383 784 444 815 etc.)
465 794 485 809 c.
505 787 529 810 2.
550 793 608 820 sqq.
634 783 665 810 de
690 783 761 809 inoff.
782 782 869 809 donat.
889 784 913 808 3.
932 783 975 809 29.
1012 781 1041 808 ll.

206 828 273 860 ΟΡ.
294 826 426 853 Ilonestus
446 827 546 853 modus.
567 842 599 854 ,-
618 825 789 852 Immoderata
814 825 924 852 luxuria.
951 824 981 851 sr.
1001 826 1043 851 40.

203 880 243 907 pr.
265 869 296 895 cf.
317 869 347 896 sr.
366 871 407 895 39.
429 870 450 902 §.
470 871 493 896 4,
515 869 547 895 (le
566 869 650 896 dauni.
672 868 716 894 inf.
735 870 776 895 39.
796 870 820 895 2.
857 868 901 894 III.
920 869 986 896 Cn.
1004 867 1044 894 In-

204 913 287 941 finita,
306 912 349 938 vel
369 912 537 938 immoderata
557 912 737 943 (aestimatio.)
757 911 788 937 fr.
807 913 849 938 40,
869 921 908 948 pr.
928 911 944 938 l.
963 912 1005 937 39.
1018 913 1042 937 2.
1065 932 1067 946 Ι

205 955 234 982 Si
255 955 438 981 innnoderatae
458 954 561 980 fuerunt
581 956 634 987 (sc.
655 955 761 987 nives.)
783 959 808 980 et
828 959 917 980 contra
936 964 1045 981 consuc-

206 997 324 1024 tudiuem
345 998 516 1035 tempestatis.
537 997 566 1023 sr.
591 999 631 1023 7³.
652 998 672 1032 ς.
691 999 715 1023 3.
736 997 768 1023 de
788 1002 870 1024 contr.
891 1002 950 1023 emt.
967 998 1043 1024 18.1.
1065 1011 1067 1023 ι

204 1041 327 1068 feminae
351 1040 534 1067 immoderatae
557 1045 635 1076 atquc
664 1042 875 1077 intemperantes.
901 1051 922 1067 c.
945 1042 987 1067 22.
1012 1040 1044 1067 de

205 1084 300 1110 admiu.
321 1088 398 1109 tutor.
412 1086 435 1109 5.
449 1085 489 1110 37.
527 1082 563 1109 Vt
582 1094 628 1109 nec
642 1083 828 1110 immoderatus
847 1083 976 1115 venditor,
996 1094 1044 1110 nec

205 1132 289 1153 emtor
307 1127 454 1152 inveniatur
472 1127 594 1152 iniustus.
615 1126 656 1153 Th
676 1126 706 1153 C.
718 1126 775 1153 XII.
789 1128 813 1153 3,
829 1137 849 1153 c.
865 1128 887 1153 l.
908 1126 941 1153 de
954 1126 1044 1164 praed.

206 1175 231 1196 et
249 1180 330 1196 manc.
352 1169 440 1195 curial.
1065 1193 1067 1198 ,

240 1213 481 1239 lmmodeste.
510 1211 622 1244 (Advb.)
661 1214 843 1239 Modestiae
861 1223 981 1248 expers.
1000 1213 1043 1240 III.

204 1256 271 1282 (311.
291 1255 398 1281 Dictum
417 1255 443 1281 in
463 1256 546 1291 iurgio
567 1255 592 1282 iu
611 1254 790 1281 adversarium
811 1256 991 1283 immodestius
1011 1257 1044 1283 ia-

205 1302 309 1329 ctatum,
329 1297 543 1334 petulantiusque
563 1297 657 1324 fusum.
679 1298 727 1325 Th.
749 1297 779 1325 C.
800 1298 844 1325 IV.
864 1303 887 1326 δ.
909 1310 929 1326 c.
943 1301 968 1326 5.
987 1300 1009 1334 ξ
1019 1301 1043 1325 5.

203 1340 308 1373 <ch.)
329 1340 361 1366 de
380 1339 483 1366 liberali
503 1350 523 1366 c.
1065 1347 1068 1375 ι

240 1383 462 1422 Ιιιιιηοᾱῆθθ.
500 1382 612 1416 (Advb)
650 1386 724 1411 Sine
743 1387 831 1412 modo
876 1384 894 1411 I.
916 1386 977 1419 Sy.
998 1384 1043 1411 Vl-

204 1432 244 1453 tra
263 1426 377 1452 modum.
397 1424 427 1451 sr.
449 1427 488 1452 14.
509 1426 523 1459 ξ
550 1427 573 1452 6.
594 1425 627 1452 de
646 1426 718 1463 relig.
740 1429 779 1454 11.
801 1430 824 1454 7.
861 1428 892 1454 II.
908 1430 975 1462 ΟΡ.
994 1428 1044 1454 Re-

205 1475 246 1496 cte
266 1469 387 1496 arbitrari
407 1469 468 1501 etc.)
489 1468 518 1495 sr.
538 1470 579 1495 30.
599 1479 638 1506 pr.
659 1469 691 1496 de
711 1471 890 1507 oper31ibert.
903 1473 946 1497 38.
960 1473 981 1497 l.
1000 1471 1043 1497 III.

204 1513 271 1540 Cn.
298 1511 334 1538 Vt
358 1522 443 1548 neque
467 1511 527 1549 plus
552 1513 711 1549 imputetur,
732 1528 763 1532 ——
784 1524 859 1551 quam
880 1514 974 1540 sactum
995 1519 1043 1546 est,

205 1565 290 1592 neque
308 1559 417 1586 tantum,
438 1559 562 1591 quantum
576 1555 671 1582 sactum
686 1561 733 1589 est,
754 1558 775 1583 si
792 1557 931 1584 immodice
950 1557 1044 1584 sactum

204 1603 255 1624 est.
276 1598 305 1624 sr.
328 1599 367 1624 14.
387 1598 408 1631 ξ.
429 1598 452 1623 6.
472 1597 489 1624 l,
511 1600 550 1624 ll.
571 1599 593 1624 7.
632 1598 661 1625 Si
682 1598 751 1626 laesa
772 1611 799 1626 es
820 1600 966 1627 immodice.
988 1611 1008 1626 c.
1020 1602 1043 1626 5.

206 1640 238 1667 de
257 1641 281 1667 d.
302 1651 335 1667 m.
355 1643 378 1666 2.
397 1642 440 1666 21.
1067 1664 1069 1680 Ι

241 1684 484 1710 lmflnodicuS.
521 1683 650 1717 (Adiect.)
688 1686 718 1718 ξ.
743 1687 779 1713 1.
803 1687 936 1721 Ingens,
956 1688 1046 1713 Inso—

206 1728 294 1753 litus.
330 1726 349 1752 I.
369 1728 430 1760 Sy.
454 1725 652 1754 ImmoderatuS.
678 1728 719 1754 Cf.
745 1728 769 1755 h.
796 1739 820 1755 v.
858 1728 945 1755 Pluris
966 1730 1045 1760 iusto,

206 1768 347 1795 Immodico
367 1769 486 1805 (pretio.)
512 1769 543 1795 fr.
564 1771 603 1796 14.
628 1771 649 1804 §.
669 1772 693 1797 2.
719 1771 751 1797 de
771 1771 846 1807 legat.
865 1771 907 1798 111.
928 1772 995 1804 (32.)
1015 1771 1045 1797 fr.
1067 1766 1069 1788 l

206 1814 248 1838 31.
268 1812 290 1845 ᾗ.
310 1813 334 1838 4.
354 1811 386 1837 de
410 1812 495 1838 fideic.
520 1811 584 1838 libb.
608 1815 649 1839 40.
674 1815 698 1839 5.
736 1813 821 1851 Supra
844 1815 914 1840 vires
941 1813 1045 1847 (dotis)

206 1854 277 1881 Satis
296 1854 470 1880 immodicum.
492 1854 523 1880 fr.
548 1857 588 1881 15.
609 1866 648 1892 pr.
673 1855 706 1882 de
730 1855 817 1882 donat.
842 1858 889 1883 int.
910 1857 941 1883 V.
961 1859 1002 1883 24.
1024 1859 1045 1883 l.

206 1897 250 1923 Ill.
276 1899 342 1925 sn.
362 1896 518 1923 Immodicae
541 1902 567 1923 et
591 1898 698 1924 illicitae
723 1900 926 1936 computationis
945 1899 1046 1926 modus.

206 1940 237 1967 sr.
257 1942 281 1974 2.
302 1941 323 1974 ξ.
345 1942 368 1965 5.
388 1939 421 1966 de
439 1939 505 1966 adm.
526 1950 575 1967 rer.
598 1941 629 1967 ad
649 1942 720 1967 civit.
734 1943 774 1968 50.
789 1945 812 1968 8.
851 1942 910 1968 Non
924 1943 1047 1974 vendere,

206 1982 249 2010 vel
268 1982 408 2009 immodico
428 1983 513 2019 pretio
532 1983 655 2009 vendere.
674 1984 703 2014 [r.
720 1986 758 2010 14.
779 1985 800 2019 §.
813 1987 837 2011 2.
858 1984 890 2012 de
909 1985 983 2022 legat.
1004 1986 1046 2012 Ill.

207 2026 276 2059 (32.)
312 2026 341 2052 Si
361 2025 529 2051 immodicum
548 2036 591 2052 aes
606 2026 718 2053 alienun]
738 2028 901 2055 interveniat.
921 2029 951 2055 fr.
966 2030 1007 2055 66.
1024 2029 1046 2063 §.

208 2070 231 2095 1.
251 2068 283 2095 ad
302 2068 332 2095 L.
351 2067 421 2094 Fato.
440 2070 482 2095 35.
501 2070 526 2094 2.
560 2085 590 2089 —-
622 2070 653 2103 ξ.
674 2071 709 2096 2.
734 2072 880 2106 Iniquus.
917 2071 960 2098 111.
980 2073 1046 2100 Gn.

208 2111 317 2148 Species
332 2111 424 2138 solitas
439 2112 574 2148 praestari,
589 2111 636 2138 sed
649 2112 787 2140 immodica
801 2124 849 2151 pro
863 2114 957 2141 iisdem
971 2115 1046 2142 reddi

209 2155 300 2190 pretia.
320 2154 370 2181 Th.
391 2154 421 2181 C.
441 2154 486 2181 XI.
508 2156 530 2180 1.
550 2164 571 2181 c.
590 2156 630 2180 24.
651 2154 683 2181 de
703 2166 760 2183 aun.
781 2162 807 2183 et
826 2157 916 2184 tribut.

245 2198 461 2224 Immolare.
500 2199 558 2224 Rei
575 2199 710 2225 divinae
728 2210 829 2227 causa
848 2206 1004 2228 vincture.
1028 2200 1047 2227 I.

212 2239 272 2272 Sy·
298 2238 414 2266 Caedere
434 2240 581 2273 (hostiam.)
602 2239 651 2266 Th.
672 2241 704 2268 C.
723 2241 794 2269 XVI.
815 2245 855 2269 lo.
876 2254 896 2269 c.
912 2245 951 2269 10.
972 2253 992 2270 c.
1008 2245 1046 2270 12.

211 2290 249 2317 pr.
266 2282 286 2314 ξ,
304 2283 325 2306 1,
346 2281 378 2307 de
390 2293 479 2319 pagan.
493 2283 610 2311 HLCn.
622 2283 676 2319 Qui
696 2284 827 2311 hominem
846 2286 1047 2319 immolaverint,

212 2334 277 2350 exve
302 2324 357 2349 eius
377 2327 501 2361 sanguine
520 2326 653 2352 litaverint
673 2332 721 2353 etc.
742 2327 814 2354 Paul.
833 2328 864 2354 V.
884 2330 926 2355 23.
944 2330 965 2363 §.
989 2331 1028 2356 16.

248 2368 474 2394 lin-notatio.
516 2371 652 2396 Factum
677 2373 873 2397 immolandi.
910 2371 954 2398 111.
980 2374 1046 2400 Cn.

212 2408 362 2435 Hostiarum
383 2409 612 2443 immolationibus.
632 2412 840 2449 damnandisque
859 2415 996 2441 sacrificiis
1016 2431 1047 2435 —

212 2451 401 2477 inim-dicimus
422 2451 470 2477 Th.
490 2451 521 2478 C.
539 2454 609 2481 XVI.
631 2457 669 2482 10.
691 2466 712 2482 c.
731 2459 771 2483 25.
793 2457 825 2483 de
843 2467 934 2494 pagan.

248 2495 473 2521 lnnmotitus.
494 2494 612 2529 (Partic.)
633 2500 870 2532 Constructas,
890 2502 1047 2528 Fabrica-

213 2544 271 2564 τηε.
301 2537 344 2562 111.
358 2539 423 2564 (Ἶι.
444 2537 482 2563 Ne
508 2540 566 2574 quis
592 2541 617 2566 in
644 2542 675 2567 iis
694 2541 761 2568 locis
776 2559 807 2562 —
820 2543 882 2579 quid
902 2543 1049 2570 inaedifica-
1068 2543 1071 2566 ἴ

214 2585 276 2607 tum.
292 2580 480 2606 immolitumve
493 2580 596 2608 habeto.
609 2582 673 2610 Tab.
684 2584 785 2611 Heracl.
800 2585 845 2612 lin.
858 2588 897 2612 70.
909 2597 959 2613 aer.
971 2587 1036 2613 Brit.

250 2623 464 2650 immorari.
501 2624 532 2657 ᾖ.
556 2625 591 2650 l·
629 2627 843 2662 Commorari,
869 2631 1049 2657 Remanere.

214 2665 255 2692 Ill.
276 2667 341 2693 Cn.
360 2666 465 2692 Emisso
486 2666 534 2699 [al.
554 2666 652 2700 Misso]
677 2670 702 2695 in
722 2672 933 2707 possessiouem,
959 2678 986 2699 et
1005 2672 1050 2699 ali-

214 2708 338 2745 quamdiu
362 2710 500 2735 immorato
526 2710 573 2743 [al.
593 2712 724 2745 morato‚]
744 2723 820 2740 nemo
840 2720 936 2741 caveat.
957 2715 987 2742 fr.
1009 2717 1049 2742 15.
1070 2716 1074 2737 l

214 2752 228 2785 ξ
254 2753 296 2778 21.
315 2751 348 2777 de
367 2751 450 2778 damn.
471 2751 514 2778 inf.
534 2754 574 2779 39.
594 2756 618 2779 2.
655 2753 825 2783 Immorentur
844 2758 887 2791 [al.
902 2758 1052 2785 Immorian-

1066 1062 1067 1074 ἢ
1089 1041 1218 1066 invocare.
1240 1050 1260 1065 c.

215 2795 267 2827 tur]
288 2805 345 2821 cum
365 2794 458 2820 sobole
476 2795 642 2832 professioni.
667 2796 733 2823 Nov.
759 2797 807 2825 Th.
827 2800 856 2826 lt.
883 2800 915 2826 de
935 2801 995 2827 bon.
1015 2801 1050 2827 fa·
1073 2820 1075 2836 t

1859 146 1921 176 435

1085 225 1198 252 bricens.
1222 224 1241 251 I.
1261 226 1284 251 4.
1310 235 1330 251 c.
1353 227 1374 252 l.
1394 236 1432 263 pr.
1469 225 1574 253 Biennii
1596 226 1681 262 spatio
1702 241 1733 245 —
1753 230 1843 261 gerant.
1867 226 1922 252 osti-

1062 289 1064 300 ,
1086 269 1161 299 cium.
1182 278 1267 304 neque
1286 268 1397 295 ulterius
1417 269 1536 305 cuiquam
1549 268 1599 295 hoc
1618 268 1677 295 loco
1692 268 1921 295 liceatimmorari.

1086 311 1134 338 Th.
1156 311 1186 338 C.
1207 310 1250 337 VI.
1269 312 1310 337 33.
1331 321 1351 337 c.
1374 313 1395 337 l.
1416 311 1448 338 de
1467 311 1556 338 decan.
1576 328 1609 331 —
1629 312 1659 344 §.
1684 313 1719 338 2.
1741 313 1850 338 Maras
1875 314 1921 338 in-

1079 356 1178 390 ferre.
1214 353 1255 380 III.
1274 355 1340 381 (7η.
1363 353 1496 380 Immorari
1515 354 1601 387 debet,
1621 354 1705 380 donec
1724 359 1772 380 etc.
1797 354 1833 380 lb.
1854 353 1920 380 VIII.

1086 399 1110 423 5.
1131 407 1144 423 c
1174 398 1196 423 1.
1216 396 1249 423 de
1268 406 1347 423 cursu
1366 396 1428 433 pub.

1120 440 1290 467 Innnori.
1329 439 1359 466 cs.
1380 449 1404 465 v,
1424 438 1566 465 Immorari.
1587 439 1608 472 §.
1630 442 1652 466 1.

1120 483 1365 509 Immortalis.
1385 481 1513 515 (Adiect.)
1534 483 1610 515 §.l-
1632 484 1845 510 Mortalitati
1863 493 1922 509 nou

1084 527 1260 552 subiectus.
1279 525 1323 552 III.
1347 526 1413 553 (In.
1436 524 1495 551 Deo
1515 525 1654 552 immortali
1673 525 1830 558 (donatum.)
1849 525 1879 551 sr.
1899 527 1922 551 4.

1085 569 1106 602 ξ.
1128 570 1150 594 1.
1171 568 1202 594 ad
1220 567 1250 594 L.
1270 568 1318 594 Iul.
1337 567 1422 605 pecul.
1442 568 1483 593 48.
1506 569 1544 593 13.
1569 584 1595 587 —
1616 569 1647 601 ξ.
1668 569 1702 594 2.
1724 569 1923 597 Diuturnae.

1086 612 1265 647 Infinitns.
1302 610 1344 637 111.
1374 612 1439 639 (ln.
1462 609 1503 637 Ne
1527 610 1588 637 lites
1612 611 1676 636 fiant
1695 620 1776 647 paene
1794 611 1924 637 immorta-

1086 653 1133 685 les.
1154 658 1179 679 et
1198 655 1267 680 vitae
1285 653 1420 680 hominum
1439 652 1545 680 modum
1570 652 1705 679 excedant.
1730 663 1750 679 c.
1772 655 1812 680 13.
1832 664 1872 690 pr.
1892 653 1924 680 de

1086 696 1166 723 indic.
1186 698 1210 723 3.
1231 698 1252 723 l.
1290 696 1377 734 Prope
1401 695 1540 723 immortali
1565 697 1658 722 timore
1681 696 1772 722 teneri.
1798 706 1818 722 c.
1839 698 1861 723 Τ.
1885 707 1923 734 pr.

1088 739 1120 766 de
1139 750 1253 776 praescr.
1272 739 1358 766 XXX.
1379 741 1401 766 7.
1420 741 1462 766 39.

1122 783 1409 809 lnnmortalitas.
1448 782 1478 815 ξ.
1504 783 1538 808 1.
1572 783 1732 808 Memoria
1752 783 1924 809 diuturna.

1089 828 1207 852 Gloria
1227 831 1369 852 aeterua.
1392 824 1435 851 III.
1451 826 1516 852 Cn.
1537 824 1612 860 Quos
1631 834 1683 850 non
1703 823 1862 850 adumbratis
1881 825 1926 851 hn-

1087 868 1197 895 noribus
1217 883 1249 887 -—
1267 868 1455 894 immortalitati
1475 867 1522 901 [al.
1548 868 1601 893 sint
1626 866 1800 900 mortalitate]
1820 869 1926 894 coniun-

1088 912 1182 938 ximus.
1203 910 1252 937 Th.
1273 910 1304 936 C.
1325 910 1367 937 Π.
1387 913 1428 937 22.
1449 921 1470 936 c.
1490 912 1514 937 6.
1534 909 1566 936 de
1585 909 1677 936 honor.
1698 909 1780 936 codic.
1795 923 1826 927 --
1841 910 1871 942 ἓ.
1890 912 1924 937 2.

1089 955 1209 981 Numen
1228 955 1425 985 immortale,
1446 954 1629 980 Divinitas.
1666 951 1709 979 111.
1727 953 1792 980 Gn.
1820 952 1864 979 Ad
1882 954 1927 979 im-

1088 996 1255 1023 mortalitatis
1279 997 1411 1033 respicere
1438 996 1610 1033 praesidium.
1636 1000 1662 1021 et
1685 1005 1813 1022 summum
1832 1005 1925 1022 numen

1279 1041 1303 1065 2.
1324 1049 1362 1076 pr.
1383 1038 1415 1065 de
1436 1044 1486 1064 vet.
1506 1040 1561 1065 iure
1581 1037 1664 1064 enucl.
1686 1040 1707 1064 l.
1729 1040 1768 1064 17.

1124 1083 1413 1110 lmmunditiae.
1434 1084 1562 1113 Sordes,
1584 1083 1731 1115 Squalor.
1750 1080 1794 1107 111.
1808 1082 1874 1108 Gn.
1893 1081 1927 1107 Et

1090 1126 1189 1152 caelum
1208 1125 1347 1162 pestilens.
1369 1130 1394 1151 et
1413 1125 1501 1151 ruinas
1521 1125 1651 1150 minantur
1667 1123 1844 1150 immunditiae
1859 1124 1926 1150 eloa⁴

1090 1179 1185 1196 carum.
1206 1169 1228 1195 si
1247 1178 1299 1194 non
1319 1168 1477 1195 reficiantur.
1498 1166 1527 1193 fr.
1546 1168 1566 1193 l.
1587 1167 1643 1200 §.2
1664 1166 1696 1192 de
1716 1166 1795 1193 cloac.
1812 1168 1853 1193 43.
1867 1169 1908 1193 23.

1124 1212 1361 1238 Immundus.
1398 1210 1537 1244 (Adiect.)
1576 1211 1733 1243 Spurcus,
1763 1212 1926 1236 Sordidus.

1088 1255 1131 1282 ΙΙΙ.
1159 1256 1224 1282 011.
1253 1254 1388 1281 Inunundo
1418 1254 1480 1280 fimo
1508 1251 1650 1278 sordidatis
1675 1251 1782 1278 fluentis
1810 1252 1928 1289 polluere

1089 1300 1239 1331 (commuue
1257 1297 1403 1334 poculum.)
1423 1296 1472 1323 Th.
1493 1295 1523 1322 C.
1545 1294 1600 1321 VII.
1622 1296 1642 1321 l.
1663 1304 1684 1321 c.
1706 1296 1745 1321 13.
1766 1294 1799 1320 de
1818 1294 1848 1321 R.
1869 1294 1901 1321 M.

1124 1341 1323 1368 Immunis.
1360 1342 1486 1374 Expers
1508 1340 1679 1368 (onerum.)
1701 1339 1815 1370 Liber,
1836 1340 1927 1364 Solu-

1089 1392 1148 1411 tus.
1185 1383 1203 1410 1.
1221 1385 1282 1418 Sy.
1301 1384 1410 1410 Exsors.
1437 1381 1477 1409 Cf.
1498 1381 1522 1407 h.
1543 1391 1566 1407 v.
1604 1379 1774 1407 Vae-‘itionem
1794 1390 1929 1406 munerum

1089 1427 1212 1453 tribuere.
1249 1426 1320 1453 Inter
1339 1427 1466 1452 immunes
1487 1424 1590 1451 habere.
1609 1422 1640 1450 sr.
1654 1424 1678 1450 6.
1698 1423 1731 1450 dc
1750 1424 1806 1450 iure
1825 1424 1928 1449 immun.

1089 1473 1130 1497 50.
1150 1472 1173 1497 6.
1211 1470 1240 1496 11.
1267 1472 1333 1504 Op.
1361 1467 1558 1495 Praestandum.
1579 1482 1610 1485 —
1629 1466 1653 1492 A
1679 1466 1859 1503 dependendis
1879 1466 1930 1493 fru-

1091 1514 1176 1541 ctibus
1197 1515 1311 1539 immune
1331 1513 1423 1545 (esse.)
1445 1510 1474 1537 fr.
1494 1512 1518 1536 3.
1538 1510 1559 1543 ξ.
1581 1511 1602 1535 l.
1623 1508 1655 1535 de
1675 1518 1746 1535 usur.
1765 1511 1805 1536 22.
1827 1511 1848 1535 1.
1884 1509 1929 1535 Al-

1091 1558 1139 1584 teri
1159 1556 1283 1583 satisfieri
1303 1546 1436 1593 oportere.
1454 1570 1483 1574 —-
1505 1552 1629 1579 Debitam
1653 1551 1704 1578 sibi
1722 1556 1822 1588 partem
1841 1553 1930 1578 immu-

1091 1610 1152 1627 nem
1176 1599 1279 1626 habere.
1304 1599 1335 1625 sr.
1358 1600 1400 1624 34.
1425 1597 1457 1623 de
1481 1596 1541 1622 bon.
1566 1594 1652 1621 libert.
1671 1595 1713 1621 38.
1732 1596 1756 1620 2.
1793 1594 1835 1620 III.
1862 1596 1929 1622 Gn.

1091 1643 1231 1670 Tributum
1250 1642 1291 1668 his
1311 1642 1411 1668 remisit
1431 1640 1524 1676 capitis
1543 1638 1592 1671 (sc.
1613 1637 1646 1664 D.
1663 1636 1864 1674 Vespasianus)
1883 1637 1929 1663 sed

1091 1687 1124 1713 D.
1141 1686 1218 1712 Titus
1239 1686 1315 1711 etiam
1335 1684 1420 1710 solum
1439 1683 1553 1708 immune
1566 1680 1662 1706 factum
1674 1680 1861 1716 interpretatus
1881 1684 1928 1705 est.

1091 1729 1120 1756 sr.
1141 1731 1164 1755 8.
1191 1729 1212 1762 §.
1234 1730 1257 1754 7.
1277 1727 1309 1753 de
1329 1725 1426 1752 cvnsih.
1447 1727 1487 1750 50.
1508 1726 1547 1749 15.
1589 1722 1713 1748 Immunis
1733 1722 1764 1748 ab
1784 1722 1929 1748 honoribus

1091 1777 1117 1798 et
1135 1770 1287 1797 muneribus
1312 1768 1442 1795 civilibus.
1467 1767 1498 1794 sr.
1526 1767 1564 1791 17.
1590 1766 1611 1799 ξ.
1633 1766 1654 1791 1.
1680 1764 1712 1791 de
1736 1775 1804 1791 mun.
1825 1769 1851 1791 et
1868 1764 1928 1791 hon.

1091 1817 1132 1840 50.
1152 1816 1175 1840 4.
1213 1813 1283 1839 Inter
1302 1811 1419 1838 adlectos
1444 1815 1469 1836 et
1493 1810 1621 1836 immunes
1641 1818 1653 1833 a
1673 1808 1813 1834 senatoriis
1833 1807 1930 1834 descri-

1092 1857 1228 1895 ptionibus
1247 1855 1399 1882 habeantur.
1420 1852 1468 1879 Th.
1488 1852 1518 1879 C.
1539 1851 1580 1877 Vl.
1600 1852 1641 1877 23.
1662 1860 1682 1877 c.
1704 1852 1725 1876 l.
1745 1850 1778 1877 de
1798 1850 1885 1877 decur.
1905 1855 1930 1877 et

1092 1901 1180 1927 silent.
1200 1899 1242 1925 Yl.
1262 1900 1303 1924 26.
1324 1908 1345 1923 c.
1367 1898 1406 1922 15.
1427 1895 1459 1922 de
1478 1905 1553 1932 prox.
1574 1903 1638 1920 eom.
1659 1893 1727 1930 disp.

1127 1941 1368 1970 lma-unitas.
1411 1939 1583 1964 Liberaeio
1611 1947 1627 1964 a
1655 1938 1854 1967 muneribus,
1883 1939 1931 1962 ve!

1091 1987 1238 2014 tributis.
1275 1983 1292 2010 1.
1314 1984 1376 2017 Sy.
1395 1980 1503 2007 Vacatio
1524 1980 1660 2011 (muueris,
1680 1988 1700 2005 s.
1721 1989 1734 2005 a
1757 1978 1929 2011 muneribus.)

1092 2029 1121 2056 fr.
1141 2030 1166 2055 3.
1191 2028 1221 2054 fr.
1241 2029 1265 2053 5.
1290 2027 1311 2060 ξ,
1332 2028 1354 2052 7.
1384 2025 1413 2051 fr.
1433 2025 1456 2050 G.
1477 2023 1510 2050 de
1529 2024 1585 2049 iure
1608 2023 1712 2049 immun.
1737 2024 1777 2048 50.
1797 2022 1820 2047 6.
1839 2020 1869 2047 sr.
1890 2021 1929 2046 18.

1092 2072 1124 2099 de
1148 2071 1180 2098 V.
1211 2070 1238 2097 S.
1263 2072 1304 2096 50.
1331 2070 1371 2095 16.
1403 2067 1487 2094 Vane.
1511 2066 1548 2100 ἓξ.
1574 2066 1630 2091 131.
1656 2066 1712 2091 149.
1754 2063 1930 2100 Privilegium,

1092 2115 1282 2147 Praerogativa.
1303 2111 1353 2138 Th.
1375 2110 1405 2137 C.
1425 2108 1494 2136 XIII.
1513 2110 1537 2134 3.
1558 2119 1578 2135 c.
1596 2109 1635 2134 16.
1656 2107 1688 2134 de
1706 2107 1798 2133 medic.
1819 2112 1845 2133 et
1863 2106 1928 2144 pros.

1091 2158 1133 2184 III.
1156 2143 1221 2185 Gir..
1246 2155 1364 2185 vacatio,
1384 2155 1500 2189 itemque
1519 2152 1677 2182 immunitas
1697 2152 1776 2186 (quae
1795 2149 1886 2176 liberis
1905 2154 1929 2175 et

1092 2201 1207 2238 posteris
1224 2199 1337 2225 alicuius
1357 2196 1416 2223 data
1436 2197 1497 2224 est.)
1518 2194 1547 2220 fr.
1565 2195 1603 2219 13.
1624 2193 1656 2220 de
1675 2203 1744 2219 mun.
1765 2198 1791 2219 et
1809 2193 1869 2219 hon.
1888 2194 1927 2217 50.

1092 2246 1115 2269 4.
1136 2242 1166 2269 cs.
1187 2241 1272 2268 Yatic.
1296 2242 1332 2275 ἐξ.
1356 2241 1411 2265 124.
1432 2239 1489 2264 129.
1512 2239 1567 2263 1:31.
1590 2239 1646 2263 134.
1666 2246 1724 2272 sqq.
1750 2237 1807 2262 149.
1844 2234 1929 2260 Indul-

1092 2286 1203 2322 gentiam
1222 2285 1463 2318 immunitatemque
1487 2290 1586 2306 merere
1610 2279 1810 2316 (capitationis.)
1830 2277 1878 2304 Th.
1899 2276 1928 2303 C.

1091 2328 1136 2355 XI.
1165 2330 1204 2354 12.
1229 2337 1249 2353 c.
1269 2329 1293 2352 2.
1319 2326 1351 2352 de
1375 2327 1479 2351 immun.
1506 2332 1578 2348 conc.
1620 2321 1724 2348 Nullam
1743 2321 1929 2347 innnuuitatem

1092 2370 1212 2397 solvendi
1232 2369 1332 2406 publici
1351 2366 1486 2402 vectigalis
1512 2375 1638 2402 usurpare
1662 2374 1748 2401 posse.
1772 2363 1802 2389 fr.
1821 2364 1844 2388 9.
1864 2362 1885 2395 ς’.
1905 2363 1928 2388 8.

1092 2414 1125 2441 de
1148 2412 1280 2451 publieau.
1304 2413 1346 2437 39,
1369 2412 1393 2436 4.
1431 2409 1609 2435 Immunitates
1635 2416 1741 2444 operum
1764 2404 1929 2442 publicorum

1093 2456 1265 2483 concessione
1294 2454 1408 2481 iudicum
1432 2451 1527 2489 adepti.
1553 2451 1602 2477 Th.
1628 2450 1657 2476 C.
1681 2447 1739 2474 XV.
1761 2449 1783 2473 l.
1808 2457 1829 2473 c.
1854 2448 1876 2473 5.
1897 2446 1929 2473 de

1069 2518 1071 2530 ,
1093 2510 1153 2537 opp.
1173 2498 1235 2536 pul).
1273 2497 1384 2523 Navium
1407 2496 1593 2522 maritimarum
1616 2492 1802 2518 immunitatem
1826 2489 1928 2515 habere.

1093 2544 1123 2570 fr.
1144 2545 1167 2568 5.
1187 2542 1209 2576 §.
1229 2543 1251 2567 5.
1272 2540 1304 2567 de
1323 2541 1379 2566 iure
1397 2539 1502 2564 immun.
1523 2540 1563 2562 50.
1580 2538 1603 2562 6.
1640 2533 1794 2559 l’lenissima
1813 2532 1930 2558 immuni-

1070 2593 1071 2601 *
1092 2592 1133 2612 tas
1152 2585 1251 2611 tributa
1270 2588 1311 2609 est
1330 2584 1383 2616 (sc.
1404 2580 1574 2609 Iliensibus.)
1596 2582 1623 2603 ut
1642 2577 1718 2602 etiam
1738 2575 1834 2602 tutelae
1854 2584 1929 2601 excu—

1093 2631 1222 2656 sationem
1240 2627 1360 2654 habeant.
1381 2624 1411 2651 fr.
1432 2626 1471 2650 17.
1492 2624 1512 2656 ξ.
1534 2623 1555 2647 l.
1576 2620 1607 2647 de
1627 2623 1754 2646 excusatt.
1772 2620 1814 2645 27.
1835 2619 1856 2644 l.
1880 2617 1929 2643 Re-

1094 2673 1144 2699 bus
1164 2680 1304 2701 concessa.
1323 2685 1355 2688 —
1375 2667 1500 2694 Personis
1524 2664 1582 2690 data
1607 2662 1788 2696 (immunitas.)
1811 2660 1843 2687 fr.
1864 2662 1886 2686 l.
1907 2659 1927 2692 ξ.

1096 2717 1118 2742 1.
1138 2714 1171 2741 de
1191 2715 1246 2741 iure
1269 2714 1374 2739 immun.
1398 2711 1437 2735 50.
1463 2708 1486 2733 6.
1511 2706 1540 2733 fr.
1566 2708 1590 2732 3.
1616 2706 1636 2739 ξ.
1663 2707 1686 2731 1.
1710 2704 1741 2731 fr.
1764 2706 1789 2730 4.
1813 2704 1834 2737 ξ.
1854 2704 1878 2728 3.
1897 2701 1928 2728 de

1096 2757 1195 2785 censi'b.
1214 2759 1256 2783 50.
1277 2758 1316 2782 15.
1337 2752 1407 2780 Coll.
1420 2749 1472 2777 LL.
1488 2749 1521 2775 111.
1533 2748 1603 2776 XVI.
1623 2750 1646 2775 9.
1683 2746 1839 2782 Collegium,
1858 2743 1928 2781 quod

1097 2801 1286 2827 immunitatem
1306 2797 1396 2834 pariat,
1416 2793 1446 2819 sr.
1460 2794 1483 2818 5.
1503 2793 1540 2826 §55
1555 2794 1577 2818 7.
1593 2793 1631 2817 13.
1646 2790 1678 2817 de
1691 2791 1747 2816 iure
1761 2790 1827 2815 imm.
1842 2789 1881 2813 50.
1893 2788 1916 2813 6.

1432 2837 1465 2862 55
1475 2836 1488 2847 ‘¹‘
