2197 3121
969 159 1035 189 EPI
1062 177 1100 183 -
1126 159 1228 200 EQv.

227 243 270 270 vel
288 253 336 280 per
355 242 494 280 epistolam
514 242 626 276 (iubere,
646 251 670 267 v.
691 241 846 268 contrahere
866 241 928 273 etc.)
949 240 979 267 fr.
1001 243 1023 267 l.
1048 241 1070 275 5.

228 288 251 312 1.
275 285 307 312 de
331 296 435 322 procur.
455 288 479 312 3.
499 287 522 312 3.
548 285 579 312 fr.
598 286 640 311 27.
666 294 705 321 pr.
731 283 763 310 de
789 294 839 310 rec.
865 294 908 320 qu.
929 284 982 310 arb.
1003 285 1026 310 4.
1047 285 1070 310 8.

227 328 257 355 fr.
279 331 301 355 1.
321 329 342 362 5.
365 331 386 355 l.
406 329 492 356 mand.
513 330 554 355 17.
576 330 598 354 l.
622 327 652 354 fr.
673 328 698 353 6.
717 337 756 364 pr.
777 326 810 352 ad
829 326 856 352 S.
878 326 908 353 C.
930 326 1009 353 Treb.
1028 328 1070 353 36.

228 373 250 398 l.
276 370 486 398 Gai.111.136.
528 370 578 397 191
597 380 637 397 r.e
662 368 704 395 vel
723 379 771 406 per
791 369 942 406 epistolam
962 369 1004 395 vel
1023 379 1071 406 per

226 415 351 440 nuncium
372 414 529 446 (eonvtnire
553 412 662 450 posse.)
687 411 717 438 ὓ.
760 423 825 449 .pr.
845 412 878 438 de
896 417 999 449 pact.‘..
1003 414 1069 438 .14.

225 455 349 482 Vindicta
374 457 495 483 liberare.
515 472 547 475 —
571 455 641 481 Inter
664 455 775 487 amicos
800 460 826 481 et
849 465 897 492 per
920 454 1068 492 epistolam.

225 500 415 526 manumittere.
441 498 512 525 Paul.
532 497 576 524 IV.
598 500 638 524 12.
663 497 686 531 5.
705 500 728 524 2.
755 497 786 524 cf.
811 498 832 531 5.
856 500 876 523 1.
896 497 914 524 I.
940 498 972 524 de
992 497 1069 524 liber-

225 543 272 568 tin.
293 544 315 568 1.
335 545 359 568 5.
395 542 430 568 Et
448 540 575 579 epistolas
596 557 627 560 —
647 542 731 567 vicem
749 541 982 567 instrumentorum
1002 540 1069 567 obti-

225 595 296 612 nere.
317 585 346 612 sr.
365 586 407 612 29.
431 595 470 622 pr.
495 583 528 610 de
551 584 654 621 probat.
674 586 716 610 22.
736 585 760 609 3.
798 582 950 609 Familiares
971 584 1069 620 episto-

224 628 274 660 lae,
294 628 390 665 quibus
412 627 532 653 homines
556 626 712 664 plerumque
736 625 951 653 commendantur
976 626 1068 653 absen-

224 672 297 697 tium.
318 670 367 697 Th.
389 670 419 697 C.
439 669 469 696 II.
488 671 531 696 31.
551 680 572 696 c.
595 671 615 696 l.
654 669 705 705 Qu.
725 669 807 695 iussu.
828 668 869 695 Cf.
884 668 914 695 fr.
930 671 969 695 l2.
990 670 1011 703 5.
1028 671 1067 695 12.

224 713 310 740 mand.
335 715 375 739 17.
400 715 423 739 1.
448 729 481 732 —
506 713 537 745 ξ.
561 713 596 739 2.
627 713 905 747 Clairograpltum,
935 714 1065 739 Cautio.

224 756 244 783 I.
256 758 318 791 Sy.
337 756 550 782 Instrumentum.
570 754 654 781 Vatic.
675 754 711 787 55.
725 755 784 780 263.
798 756 857 781 265.
878 754 907 781 fr.
923 757 963 781 77.
983 755 1005 788 5
1025 756 1066 781 26.

224 799 257 825 de
275 799 351 835 legat.
371 799 401 825 11.
422 800 489 831 (31.)
528 796 745 833 Chirographum.
765 797 795 823 fr.
810 799 851 824 47.
872 798 931 831 5.1.
952 797 984 824 de
998 802 1065 834 pact.

223 844 247 868 2.
269 844 310 868 14.
348 841 452 869 Cautio.
477 842 507 868 fr.
528 843 551 867 5.
576 841 597 874 5.
610 842 634 866 3.
655 839 685 865 fr.
699 841 740 866 24.
756 839 788 866 de
807 845 892 866 const.
912 850 1005 877 perun.
1026 842 1065 867 13.

222 886 246 911 5.
261 885 293 911 cf.
314 885 344 912 fr.
361 888 402 912 20.
423 884 455 911 de
474 885 535 910 inst.
554 888 602 909 act.
624 885 663 909 14.
684 884 707 909 3.
728 882 771 909 111.
786 884 852 910 011.
872 883 901 909 Si
916 885 974 920 quis
994 888 1067 920 post-

223 938 252 954 ea
273 928 377 965 plenius
396 929 542 954 instructus
556 925 618 962 quid
641 926 726 957 saciat,
746 927 928 952 instrumentis
950 926 992 953 vel
1014 927 1067 963 epi-

221 970 299 997 stolis
318 972 460 997 amicorum
479 970 542 996 iuris
562 970 602 995 sui
622 968 740 995 edoctus.
760 969 791 995 fr.
813 971 852 995 11.
873 971 894 1003 5.
917 971 955 995 12.
976 969 1009 995 de
1029 970 1066 995 in-

221 1019 283 1040 terr.
303 1015 329 1040 in
347 1015 410 1040 iure.
432 1014 471 1039 ll.
493 1014 514 1038 1.
553 1012 628 1047 Quae
653 1011 722 1037 bona
746 1021 791 1038 sua
818 1012 881 1038 filiis
900 1022 948 1049 per
967 1013 1066 1049 episto·

221 1056 280 1087 lam,
301 1058 364 1083 citra
383 1055 595 1092 stipulationem,
619 1055 735 1081 donavit.
762 1054 846 1081 Vatic.
870 1055 891 1089 5.
910 1056 969 1081 263.
991 1054 1022 1081 cf.
1042 1055 1064 1089 5.

220 1101 279 1125 281.
300 1099 329 1126 fr.
351 1101 391 1125 77.
412 1098 444 1125 de
463 1098 494 1124 R.
515 1097 546 1124 V.
567 1100 590 1124 6.
613 1100 634 1124 l.
659 1098 689 1124 fr.
711 1099 751 1124 77.
776 1099 798 1131 5.
818 1100 859 1124 26.
887 1097 919 1124 (le
938 1097 1014 1134 legat.
1034 1097 1063 1124 H.

221 1142 288 1175 (31.)
324 1141 378 1168 Hac
398 1140 511 1178 epistola
530 1151 609 1167 mauu
628 1152 683 1167 mea
699 1141 797 1177 scripta
812 1146 902 1167 notum
922 1140 969 1166 tibi
988 1140 1063 1166 facio.

219 1184 250 1210 fr.
270 1185 312 1210 62.
338 1185 359 1218 5.
382 1186 403 1210 1.
424 1184 509 1210 mand.
531 1185 571 1210 l7.
594 1185 615 1210 l.
642 1184 673 1211 cs.
695 1184 725 1210 fr
745 1184 786 1209 34.
808 1182 840 1209 de
864 1184 933 1220 pign.
953 1188 1001 1210 act.
1023 1185 1062 1209 13.

263 1243 295 1246 —
316 1228 346 1260 §-
362 1229 399 1254 3.
421 1228 589 1254 codicilli.
627 1227 645 1253 I.
660 1228 721 1261 Sy.
735 1225 859 1258 Litterae,
879 1225 1013 1253 Codicilli.
1033 1225 1062 1252 fr.

217 1238 260 1296 37.
285 1270 322 1304 55.
342 1271 366 1297 3.
386 1280 426 1306 sq.
452 1269 485 1296 de
508 1269 584 1306 legat.
608 1269 650 1296 III.
671 1270 739 1303 (32.)
765 1268 857 1295 1138.
883 1269 915 1295 de
941 1268 1063 1295 condet

219 1312 616 1340 de1n.35.1.111.cn.Et
640 1313 666 1338 in
691 1311 816 1349 epistola,
842 1311 883 1338 vel
909 1311 1010 1341 libello
1030 1327 1062 1331 —-

217 1355 452 1382 fideicommissum
470 1354 584 1391 relinqui
603 1365 691 1392 posse.
712 1365 733 1380 c.
747 1357 789 1381 22.
810 1354 842 1381 dr
861 1355 1018 1381 lideieomm.
1037 1356 1061 1381 6.

217 1400 259 1424 42.
279 1397 311 1425 cf.
331 1397 381 1424 Th.
397 1397 427 1424 C.
442 1397 486 1424 IV.
506 1399 530 1424 4.
550 1408 571 1424 c.
591 1400 614 1424 2.
635 1408 674 1435 pr.
694 1397 727 1424 de
746 1403 848 1424 testam.
869 1403 894 1424 et
913 1397 996 1424 codic.
1017 1397 1062 1423 Pa-

217 1445 259 1467 ter
289 1440 420 1467 decedens
451 1441 591 1478 epistolam
619 1441 889 1467 fideicommissariam
917 1441 949 1467 ad
977 1440 1061 1467 filium

218 1493 294 1511 suum
313 1484 429 1520 scripsit.
449 1483 480 1510 fr.
499 1485 540 1510 37.
564 1484 601 1518 55.
620 1486 645 1510 3.
665 1493 705 1520 sq.
730 1483 762 1510 de
782 1484 857 1520 legat.
878 1483 919 1510 III.
940 1484 1007 1517 (32.)
1028 1483 1059 1510 cf.

217 1526 248 1553 fr.
269 1528 309 1553 75.
328 1537 368 1563 pr.
389 1526 421 1552 de
440 1526 516 1562 legat.
536 1526 566 1553 II.
587 1528 654 1560 (31.)
674 1537 696 1553 c.
717 1529 739 1553 7.
778 1527 829 1562 Qu.
851 1531 951 1553 testam.
972 1526 1018 1553 fac.
1034 1537 1058 1564 p.

217 1571 241 1596 6.
260 1571 302 1596 22.
323 1585 354 1588 —-
376 1569 406 1602 §-
429 1571 468 1596 4.
492 1571 583 1603 Quod
600 1572 761 1604 Princeps
780 1580 835 1604 per
854 1572 1059 1604 scripturam

217 1615 337 1644 suasit,
360 1615 407 1639 rel
425 1615 600 1647 respondit.
637 1612 655 1639 Ι.
676 1614 738 1647 Sy.
758 1612 873 1639 Litterae
893 1612 1058 1650 (Principis)

218 1653 291 1681 Libri
311 1655 517 1692 (Principales.)
542 1655 572 1682 fr.
591 1658 615 1681 5.
635 1656 656 1689 5.
679 1657 700 1682 1.
721 1655 754 1682 de
772 1656 828 1682 iure
848 1657 952 1682 immun.
973 1658 1014 1682 50.
1035 1657 1058 1681 6.

219 1697 251 1724 cs.
271 1697 301 1724 fr.
322 1700 344 1724 1.
364 1699 401 1732 55.
420 1700 444 1724 2.
465 1700 489 1724 4.
509 1697 541 1724 de
561 1699 604 1724 oss'.
620 1698 728 1734 Quaest.
751 1701 772 1724 1.
788 1701 827 1725 13.
848 1698 931 1725 Vatic.
946 1699 983 1732 55.
998 1701 1058 1725 233.

217 1742 276 1766 235.
297 1750 336 1776 sq.
357 1741 529 1773 Constitutio.
548 1740 726 1778 Rescriptum.
746 1741 783 1768 lb.
804 1742 840 1775 55.
860 1743 919 1768 223.
939 1744 998 1767 235.
1019 1751 1058 1777 sq.

218 1782 260 1809 III.
276 1784 341 1810 (ἠ.
361 1783 415 1818 Qui
434 1800 466 1802 —
485 1785 512 1810 in
531 1785 636 1810 scriniis
656 1784 841 1810 laboraverunt
861 1785 1010 1814 memoriae,
1030 1794 1059 1810 ac

217 1825 439 1863 dispositionibus
463 1825 634 1862 epistolarum
659 1837 688 1853 ac
713 1826 871 1853 libellorum.
893 1827 942 1853 Th.
963 1827 994 1853 C.
1014 1826 1058 1853 11.

216 1870 258 1894 26.
279 1878 300 1894 c.
323 1870 344 1894 1.
366 1878 386 1894 c.
407 1870 430 1894 4.
452 1879 472 1894 c.
495 1870 533 1894 16.
554 1878 592 1905 sq
619 1868 651 1895 de
676 1879 751 1906 prox.
777 1870 863 1895 comit.
892 1869 992 1906 dispos.
1012 1869 1057 1895 XI.

218 1912 258 1937 16.
279 1922 300 1937 c
322 1913 361 1937 14.
382 1911 415 1937 de
435 1916 500 1937 extr
521 1921 541 1937 s.
561 1911 631 1937 sor.d
670 1912 750 1946 Quod
774 1912 919 1949 Imperator
942 1913 1057 1940 decreto

216 1953 259 1980 vel
279 1953 374 1986 edicto,
395 1953 437 1980 vel
458 1953 569 1990 epistola
590 1955 735 1980 constituit.
773 1954 830 1981 Gai.
851 1955 868 1981 I.
888 1958 911 1981 5.
933 1955 964 1981 ci.
984 1955 1047 1981 ful
1053 1977 1057 1981 .

216 1997 238 2030 5.
260 1998 282 2023 l.
302 1996 335 2023 (le
356 2001 438 2023 const.
460 1996 501 2022 Pr.
524 1999 545 2022 l.
565 1998 588 2022 4.
626 1996 774 2034 Rescripta,
794 1998 836 2024 vel
857 1997 992 2035 epistolae.
1007 1998 1056 2024 Th.

216 2039 247 2066 C.
267 2039 286 2066 I.
305 2041 328 2065 2.
350 2050 371 2065 c.
393 2041 415 2065 l.
430 2038 533 2072 (ch.)
554 2039 585 2065 de
605 2039 657 2066 div.
677 2050 756 2066 rescr.
777 2041 897 2078 Epistola
917 2042 1058 2078 rescripse-

215 2087 276 2108 runt
295 2081 378 2119 Impp.
403 2081 433 2108 fr.
454 2084 494 2108 16.
520 2083 585 2116 5.1.
606 2082 639 2109 de
657 2083 789 2119 publican.
809 2086 851 2110 39.
877 2086 900 2110 4.
926 2084 957 2110 cs.
982 2084 1012 2110 sr.
1032 2087 1056 2111 3.

217 2125 239 2157 5.
260 2126 283 2150 1.
302 2124 335 2151 de
354 2125 442 2151 testib.
462 2126 504 2151 22.
525 2127 549 2151 5.
588 2125 668 2160 Quod
688 2127 728 2151 ius
748 2127 820 2152 venit
839 2137 871 2153 ex
891 2127 1003 2164 epistola
1023 2128 1055 2154 D.

217 2166 352 2199 Hadriani,
376 2178 453 2204 quam
476 2169 584 2205 scripsit
609 2184 640 2187 —
660 2168 745 2204 legato
770 2169 898 2205 Belgicae.
925 2169 1009 2197 Vatic.
1034 2172 1055 2205 5.

216 2210 275 2235 223.
295 2210 326 2236 cf.
346 2211 367 2244 5.
389 2212 446 2237 151.
483 2209 560 2237 Nunc
584 2221 616 2237 ex
636 2210 748 2248 epistola
768 2227 799 2231 -
819 2212 959 2243 Antonini,
980 2224 1055 2250 quam

217 2252 325 2288 scripsit
345 2253 523 2289 pontificibus⁷
543 2269 575 2273 —
595 2255 753 2290 permissum
772 2259 820 2280 est.
841 2254 897 2281 Gai.
912 2255 929 2282 I.
952 2258 1009 2283 102.
1024 2273 1055 2276 —

216 2294 248 2327 ἕ.
270 2295 307 2320 5.
340 2296 502 2329 Diploma.
539 2296 581 2322 III.
604 2298 669 2324 011.
696 2296 749 2332 Qui
769 2298 794 2322 in
814 2299 958 2334 provinciis
978 2301 1056 2325 comi-

218 2337 295 2368 tivae,
315 2341 340 2362 et
359 2339 535 2373 praesidatus,
555 2344 598 2365 aut
617 2341 747 2366 rationum
767 2340 887 2376 epistolis
907 2341 1054 2368 honorariis
1077 2356 1079 2367 1

218 2380 280 2405 nixi.
301 2378 350 2405 Th.
366 2378 396 2405 C.
410 2379 477 2406 VIII.
497 2384 520 2408 5.
541 2392 563 2408 c.
577 2384 618 2408 23.
638 2392 677 2419 pr.
698 2382 730 2408 de
750 2392 828 2409 cursu
848 2383 908 2420 pub.
947 2384 1000 2419 Qui
1021 2402 1050 2405 —

218 2421 349 2447 codicillis
372 2423 618 2458 proconsularibus,
638 2424 680 2451 vel
700 2425 821 2462 epistolis
846 2425 1009 2453 Vicariorum
1022 2444 1054 2447 —

219 2465 376 2490 vestiuntur.
401 2464 450 2490 Th.
476 2464 506 2491 C.
530 2466 573 2493 VI.
593 2470 634 2493 22.
655 2478 676 2494 c.
695 2469 719 2493 5.
745 2467 777 2494 tle
802 2468 894 2495 honor.
920 2469 1002 2496 codic.
1022 2484 1054 2488 —

217 2507 248 2540 §-
264 2508 302 2534 6.
318 2508 585 2542 magistratuum
604 2513 755 2538 testatio.
777 2514 822 2537 cel
841 2514 962 2538 relatio
981 2523 1054 2539 con-

217 2551 353 2583 scripta.
395 2549 437 2576 III.
461 2551 526 2577 Gn·
558 2550 616 2578 Non
636 2562 694 2579 esse
714 2554 804 2589 utique
824 2554 944 2590 epistolis
965 2565 1054 2581 eorum

219 2591 392 2623 credendum,
411 2593 455 2628 qui
475 2594 550 2628 quasi
569 2593 703 2621 damnatos
723 2595 755 2622 ad
775 2595 925 2623 praesidem
948 2599 1054 2624 lemise-

218 2636 277 2661 rint
290 2634 319 2660 fr.
339 2635 363 2660 6.
383 2644 421 2671 pr.
442 2634 473 2661 de
493 2641 558 2662 cust.
580 2641 605 2662 et
630 2637 714 2664 exliib.
735 2640 775 2665 48.
795 2640 819 2665 3.
858 2639 928 2666 -Titio
949 2656 981 2659 —
1001 2642 1054 2678 ‹pi-

217 2677 285 2703 stola
304 2678 384 2703 missa
404 2682 444 2703 est
462 2688 476 2703 a
495 2679 691 2715 magistratibus
710 2683 808 2717 patriae
827 2692 900 2714 suae
924 2688 952 2709 ut
970 2685 1054 2720 potri-

217 2725 289 2755 geret
309 2720 461 2756 Imperatori
491 2720 625 2748 decretum
655 2723 771 2750 eiusdem
799 2725 920 2752 civitatis.
951 2725 980 2752 fr.

217 2772 256 2799 pr.
271 2762 302 2789 ad
316 2764 410 2789 munic.
431 2764 471 2789 50.
496 2765 518 2791 l.
541 2780 568 2804 -.
590 2765 620 2798 ᾖ.
642 2766 674 2791 7.
700 2767 858 2793 [Οιονιιηι
887 2771 1051 2803 quaestio-

218 2814 268 2831 nes
300 2812 329 2832 et
356 2815 525 2840 responsa,
555 2809 587 2834 in
614 2810 734 2834 modum
753 2811 951 2838 litterarum
976 2822 1050 2846 pro·

1010 2728 1051 2752 36.
1074 2731 1075 2736 ¹

1895 162 1958 192 325

1114 244 1233 275 posita.
1270 240 1475 269 III.011.Est
1495 242 1606 280 epistola
1626 242 1725 269 Neratii
1745 242 1775 268 ad
1795 242 1954 268 Aristonmu.

1117 284 1146 310 tr.
1168 286 1207 311 19
1227 284 1284 318 §.2
1288 283 1388 311 .locat.
1411 287 1450 311 19.
1471 287 1492 312 2.
1531 285 1653 312 Neratius
1676 285 1721 311 lib.
1741 287 1764 311 4.
1786 285 1955 322 epistolarum

1116 326 1264 364 respondit.
1284 326 1313 353 sr.
1337 329 1375 353 12.
1396 328 1432 361 55.
1452 329 1494 354 35.
1515 330 1556 355 43.
1576 329 1608 355 de
1627 330 1701 355 instr.
1721 328 1769 364 leg.
1789 330 1830 354 33.
1851 330 1874 354 7.

1149 370 1386 403 Epistolaris.
1406 371 1436 403 §-
1464 372 1498 396 1.
1518 374 1565 398 Ad
1582 374 1758 406 epistolam
1775 373 1953 405 pertinens.

1114 412 1156 439 III.
1177 414 1243 440 Gn.
1264 412 1377 439 Chartae
1397 412 1562 449 epistolares
1583 431 1615 434 —
1636 414 1749 441 Chartae
1774 413 1806 440 ad
1825 414 1954 439 ratiuncu—

1113 454 1172 487 lam.
1192 455 1234 482 vel
1253 455 1284 481 ad
1303 455 1429 491 logarium
1449 461 1561 492 paratae.
1583 457 1649 484 1“1·.3.
1671 457 1692 490 5.
1710 458 1748 482 10.
1770 456 1802 482 de
1821 466 1891 493 penu
1904 456 1952 492 leg.

1113 500 1154 524 33.
1178 500 1201 524 9.
1243 498 1354 524 Adstrui
1378 514 1410 517 —
1434 498 1598 525 documentis
1628 501 1775 537 promissae
1802 499 1953 531 solutionis,

1114 540 1157 574 [al.
1177 542 1332 578 promisisse
1351 541 1520 575 solutiones‚]
1541 542 1677 579 epistolari
1697 543 1835 579 rescripto.
1856 541 1905 568 Th.
1921 541 1953 568 C.

1112 583 1142 609 ΙΙ.
1162 585 1204 610 27.
1224 594 1245 610 c.
1267 586 1289 610 1.
1309 585 1330 618 5.
1349 586 1373 611 2.
1394 585 1416 610 si
1436 590 1497 611 cert.
1518 589 1570 621 pet.
1596 584 1628 611 de
1649 585 1711 612 rhir.
1733 602 1764 605 —
1784 586 1814 619 ξ.
1834 586 1869 612 20
1892 586 1954 618 Qui

1113 628 1149 652 ab
1173 629 1331 660 epistolis
1349 633 1404 654 est.
1440 627 1482 653 111.
1508 628 1574 655 Cn.
1606 627 1770 655 Memoriales
1790 634 1842 655 tam
1861 627 1888 655 S.
1908 638 1953 653 no—

1113 670 1161 695 stri
1180 670 1271 696 scrinii
1290 670 1438 701 memoriae,
1458 680 1534 706 quam
1554 670 1722 707 epistolares,
1741 682 1789 698 nec
1808 681 1860 697 non
1879 670 1953 697 libel·

1112 711 1215 743 Ienses.
1239 717 1264 738 et
1283 712 1416 739 adiutores
1437 729 1469 732 ——
1490 714 1656 749 Quaestoris.
1681 713 1747 740 Νῦν.
1766 716 1808 740 35.
1834 724 1854 740 c.
1876 715 1898 740 l.
1919 713 1951 739 cf.

1113 754 1163 781 Th.
1184 755 1214 782 C.
1235 755 1278 781 Vl.
1298 757 1339 781 30.
1362 766 1383 782 c.
1404 757 1428 782 7.
1447 756 1469 789 5.
1491 757 1512 782 l.
1533 755 1565 782 de
1584 755 1638 782 Pal.
1659 756 1686 783 S.
1708 756 1785 793 largg.

1147 798 1411 830 Epistularum.
1449 800 1681 833 Epistolarum
1700 801 1794 825 lator.
1822 799 1864 826 111.
1886 801 1951 827 Cn.

1112 839 1244 866 Scrinium
1263 841 1451 868 tabulariorum
1470 842 1534 879 perf.
1555 842 1611 869 ord.
1626 842 1668 869 III.
1689 856 1720 861 —
1740 842 1896 879 epistolares
1909 852 1950 869 110.

1111 885 1144 915 2.,
1165 883 1311 920 epistolarii
1330 895 1372 910 no.
1392 886 1416 911 3.
1436 884 1485 911 Th.
1506 885 1537 912 C.
1557 885 1573 911 l.
1588 885 1604 912 l.

1147 926 1411 958 Epistomium.
1450 927 1490 954 Cf.
1511 938 1534 954 v.
1554 928 1715 965 Epitonium.

1146 969 1337 1002 Epitoma.
1374 972 1592 997 Breriarium.
1634 970 1676 997 111.
1710 972 1776 998 Cn.
1812 970 1950 1007 Hermoge-

1111 1012 1180 1038 niani
1204 1011 1265 1038 libri
1290 1013 1468 1049 epitomarum.
1513 1013 1553 1040 Cf.
1579 1013 1719 1040 Hommelii
1742 1013 1902 1050 palingenes.
1922 1013 1950 1040 li-

1109 1054 1181 1081 bror.
1202 1055 1250 1081 iur.
1270 1060 1322 1081 vet.
1342 1054 1372 1081 T.
1393 1055 1410 1081 l.
1431 1065 1455 1092 p.
1478 1057 1534 1082 185.
1555 1066 1612 1093 sqq.
1633 1056 1705 1093 Lips.
1726 1058 1801 1083 1767.
1820 1058 1844 1083 8.

1144 1097 1395 1130 Epitomatus.
1411 1097 1530 1131 (Pal-tic.)
1552 1101 1586 1126 In
1605 1101 1764 1133 epitomen
1785 1103 1948 1127 redactus.

1109 1140 1151 1166 III.
1167 1141 1233 1168 (ἠ.
1253 1140 1341 1167 Alfeni
1361 1140 1535 1177 digestorum,
1559 1153 1572 1168 a
1592 1141 1672 1168 Paulo
1693 1143 1900 1179 epitomatorum,
1920 1142 1950 1169 li-

1109 1183 1157 1209 bri.
1186 1183 1366 1210 (·1“.Ηο111111(1.
1387 1183 1402 1210 l.
1418 1183 1434 1210 l.
1454 1195 1479 1221 p.
1499 1186 1540 1211 34.
1561 1195 1619 1221 sqq.
1663 1184 1794 1211 Labeonis
1820 1186 1949 1222 posterio-

1109 1236 1166 1252 lum
1186 1226 1255 1254 libri.
1276 1226 1431 1253 alavoleno
1453 1229 1662 1265 rpitmuatorum.
1682 1227 1720 1254 Ib.
1740 1238 1765 1265 p.
1785 1230 1843 1254 327.
1864 1239 1922 1265 sqq.

1143 1269 1376 1302 Epitoniunl.
1435 1272 1656 1303 lertzzbulnm
1690 1274 1784 1298 cuins
1815 1273 1947 1298 circum-

1108 1318 1183 1339 actu
1207 1314 1361 1346 aperitur
1385 1316 1434 1339 vel
1461 1317 1632 1341 clauditur
1660 1316 1803 1346 canalis,
1828 1324 1880 1340 sen
1898 1316 1949 1350 fi—

1109 1357 1199 1381 atala
1219 1365 1326 1389 aquaev
1348 1355 1389 1382 III.
1402 1357 1467 1383 Cn..
1488 1356 1604 1383 Castella
1618 1357 1749 1394 plumbea.
1768 1362 1854 1394 putea,
1875 1366 1949 1394 oper-

1107 1397 1164 1424 cula
1182 1402 1330 1435 puteorum.
1350 1399 1465 1435 epitonia
1486 1399 1528 1432 [al.
1544 1401 1694 1437 epistomia]
1714 1400 1811 1427 fistulis
1831 1399 1949 1437 adplum-

1106 1441 1178 1472 bata,
1203 1446 1251 1467 etc.
1276 1441 1306 1466 fr.
1334 1442 1374 1467 17.
1399 1442 1420 1474 5.
1441 1443 1465 1468 8.
1485 1442 1517 1468 de
1536 1442 1567 1469 A.
1588 1443 1616 1469 E.
1637 1442 1668 1469 V.
1696 1445 1735 1470 19.
1762 1445 1784 1469 l.
1821 1442 1947 1473 fistulae.

1105 1484 1228 1516 miliaria,
1248 1484 1376 1520 epitonia.
1401 1484 1449 1518 [al.
1475 1486 1625 1522 epistolum,
1649 1496 1670 1512 S.
1695 1485 1849 1523 epitomia‚]
1875 1490 1947 1511 rotae.

1105 1528 1226 1564 aquariae
1246 1532 1294 1553 etc.
1314 1526 1386 1553 Paul.
1407 1527 1449 1554 ΙΙΙ.
1469 1529 1492 1554 6.
1513 1529 1534 1562 5.
1554 1530 1595 1555 65.

1139 1570 1357 1603 Epitropus.
1382 1572 1570 1605 Inspector,
1591 1574 1805 1599 Procurator.
1826 1570 1946 1598 Illcn.

1104 1613 1228 1650 Epitropi
1248 1617 1273 1639 et
1294 1617 1437 1639 tracteutae
1456 1624 1507 1640 11011
1522 1608 1596 1643 sints
1609 1615 1777 1641 nominentur
1791 1619 1876 1640 autem
1885 1613 1946 1640 XIII

1104 1657 1230 1692 magistri,
1249 1655 1368 1692 periculo
1387 1655 1551 1683 Cumitianae
1570 1657 1749 1694 adparitionis.
1770 1656 1816 1683 Iul.
1831 1667 1871 1694 ep.
1884 1666 1945 1682 nov.

1107 1709 1127 1724 c.
1148 1701 1189 1724 22.
1209 1699 1230 1732 5
1251 1700 1292 1724 82.

1139 1741 1301 1774 mptum»,
1327 1751 1348 1766 s.
1374 1742 1550 1774 Epulum.
1589 1743 1781 1768 Canninium
1805 1749 1945 1769 sumtuo-

1104 1793 1174 1809 sum.
1211 1783 1254 1808 III.
1279 1784 1344 1810 Cn.
1369 1782 1404 1809 Vt
1428 1793 1494 1809 unus
1519 1784 1572 1816 (sc.
1598 1785 1702 1816 socius)
1723 1785 1833 1822 reliquis
1852 1785 1944 1812 nundi-

1104 1835 1158 1857 nas,
1179 1827 1194 1852 i.
1215 1836 1236 1852 e.
1257 1825 1356 1862 epuIaS.
1377 1826 1425 1859 [al.
1445 1826 1614 1853 nundinarias
1639 1827 1765 1864 epulas‚]
1789 1833 1942 1864 praestaret.

1103 1868 1133 1894 fr.
1154 1870 1195 1895 69.
1215 1878 1263 1905 pro
1283 1878 1337 1895 soc.
1359 1870 1398 1895 17.
1418 1871 1442 1895 2.
1479 1869 1587 1906 EpuliS.
1608 1869 1652 1903 [al.
1672 1869 1796 1907 epholis.]
1817 1870 1859 1897 vel
1877 1881 1945 1897 sum-

1103 1912 1173 1938 tibus
1194 1912 1316 1948 deputata
1336 1912 1384 1944 (sc.
1406 1912 1486 1943 loca.)
1508 1911 1556 1938 Th.
1578 1912 1608 1938 C.
1628 1912 1699 1939 XVI.
1721 1915 1760 1939 10.
1781 1924 1802 1940 r.
1817 1916 1858 1940 20.
1879 1914 1900 1948 5.
1919 1916 1943 1940 2.

1103 1954 1136 1981 de
1154 1965 1244 1991 pagan.
1283 1954 1362 1990 Quod
1382 1954 1414 1980 ad
1434 1954 1591 1981 divisionem
1605 1955 1767 1992 singulorum
1781 1957 1884 1984 civium.
1901 1956 1943 1982 vel

1103 1997 1217 2035 epulum,
1237 1997 1357 2024 relictum
1378 1998 1462 2024 suerit.
1488 1997 1518 2024 fr.
1540 2000 1596 2025 122.
1621 2009 1659 2036 pr.
1681 1999 1713 2025 de
1732 1999 1807 2035 legat.
1828 1999 1845 2025 I.
1866 2000 1943 2031 (30.)

1103 2041 1134 2067 cf.
1154 2040 1183 2068 fr.
1205 2042 1244 2066 17.
1265 2041 1286 2074 5.
1307 2043 1330 2067 4.
1351 2041 1383 2067 de
1407 2040 1483 2067 cond.
1510 2046 1534 2067 et
1554 2041 1620 2068 dem.
1640 2044 1682 2068 35.
1703 2044 1726 2068 l.
1763 2042 1834 2068 Aves
1855 2047 1879 2068 et
1899 2052 1943 2079 pe-

1103 2095 1171 2113 cora.
1191 2094 1256 2120 quae
1271 2084 1484 2110 instruendarum
1499 2084 1632 2120 epularum
1646 2086 1726 2121 gratia
1741 2086 1766 2111 in
1781 2085 1860 2112 fundo
1875 2095 1942 2111 com—

1101 2132 1190 2164 parata
1210 2132 1278 2153 sunt.
1299 2126 1372 2154 Paul.
1392 2127 1434 2153 111.
1455 2128 1478 2153 6.
1498 2127 1535 2160 55.
1555 2129 1596 2153 44.
1616 2129 1656 2154 71.

1136 2170 1309 2204 Epulari.
1348 2172 1538 2196 Convirarz'.
1559 2169 1601 2195 Ill.
1617 2171 1682 2197 Cn.
1703 2170 1782 2205 Quod
1803 2171 1851 2204 (sc.
1872 2180 1941 2197 esca-

1101 2214 1167 2239 rium
1186 2214 1332 2249 argentum)
1352 2212 1384 2238 ad
1404 2212 1562 2249 epulandum
1581 2213 1607 2238 in
1626 2214 1771 2240 ministerio
1790 2213 1887 2239 habuit.
1910 2212 1938 2238 fr.

1102 2258 1141 2283 19.
1162 2257 1244 2290 §.12.
1265 2255 1297 2282 de
1317 2266 1379 2282 auro
1399 2266 1450 2291 arg.
1464 2257 1505 2281 34.
1519 2258 1543 2281 2.

1135 2300 1312 2332 Epulum.
1351 2298 1383 2324 cf.
1403 2309 1426 2324 v.
1447 2298 1555 2335 Epulae.

1134 2343 1257 2374 Equa.
1295 2343 1410 2375 Equus
1429 2351 1452 2367 m
1461 2343 1602 2368 mliebris.
1628 2341 1670 2367 ΙΙΙ.
1686 2343 1750 2368 011.
1770 2342 1852 2377 Equis
1872 2340 1938 2376 lega-

1100 2385 1143 2413 tis.
1164 2394 1244 2420 equas
1266 2394 1371 2420 quoque
1390 2383 1489 2420 placuit
1509 2385 1645 2410 contineri.
1664 2383 1736 2410 Paul.
1756 2384 1797 2409 111.
1817 2385 1839 2409 6.
1859 2384 1880 2417 5.
1896 2384 1936 2409 74.

1100 2426 1129 2453 Si
1149 2436 1241 2463 equam
1260 2436 1342 2452 meam
1362 2436 1444 2462 equus
1464 2431 1525 2453 tuus
1544 2431 1727 2464 praegnantem
1746 2426 1844 2452 fecerit.
1865 2426 1896 2452 fr.
1912 2428 1936 2452 5.

1099 2470 1120 2503 5.
1139 2471 1164 2495 2.
1185 2469 1217 2495 de
1236 2468 1267 2495 R.
1287 2468 1318 2495 V.
1338 2470 1361 2495 6.
1383 2471 1405 2495 1.
1443 2468 1472 2495 Si
1492 2470 1551 2506 quis
1571 2470 1671 2496 asinum
1690 2478 1773 2494 meum
1795 2469 1935 2504 coegisset,

1100 2517 1125 2538 et
1144 2513 1170 2538 in
1190 2521 1269 2548 equas
1289 2521 1351 2538 suas
1370 2528 1403 2531 —
1421 2511 1578 2539 admisisset.
1604 2511 1633 2538 fr.
1653 2513 1693 2536 52.
1717 2510 1738 2544 5.
1757 2512 1798 2537 20.
1824 2510 1857 2537 de
1875 2510 1935 2538 furt.

1075 2547 1077 2556 ,
1101 2556 1142 2581 47.
1163 2557 1187 2580 2.
1224 2554 1371 2580 Abactores
1390 2559 1460 2586 sunt,
1481 2556 1524 2591 qui
1544 2564 1620 2581 unum
1640 2563 1742 2589 equum.
1762 2552 1827 2579 duas
1846 2563 1934 2590 equas.

1098 2597 1262 2634 totidemque.
1281 2597 1371 2629 boves,
1392 2613 1422 2617 ——
1443 2598 1583 2633 abegerint.
1603 2595 1674 2621 Paul.
1693 2593 1725 2621 V.
1746 2596 1786 2622 18.
1805 2597 1870 2630 5.1.

1132 2641 1273 2673 Eques.
1294 2641 1324 2674 δ.
1346 2642 1380 2667 1.
1400 2642 1572 2675 Equitans.
1592 2638 1622 2663 II.
1642 2639 1709 2671 Op.
1729 2637 1822 2665 Pedes.
1842 2638 1872 2665 fr.
1894 2641 1924 2665 12

1098 2682 1130 2709 de
1150 2682 1176 2709 S.
1196 2682 1224 2709 P.
1244 2682 1275 2709 R.
1295 2685 1318 2709 8.
1343 2685 1366 2710 3.
1393 2682 1423 2709 fr.
1448 2686 1470 2709 5.
1495 2682 1557 2714 51.
1583 2680 1615 2706 tle
1638 2679 1668 2706 R.
1693 2680 1726 2706 M.
1751 2682 1792 2707 49.
1818 2682 1858 2707 16.
1889 2681 1931 2707 III.

1098 2727 1164 2753 Cn.
1188 2725 1215 2751 Si
1241 2727 1337 2762 equitis
1361 2725 1436 2762 culpa
1460 2724 1553 2750 sactum
1580 2728 1659 2755 esset,
1679 2733 1736 2749 cum
1755 2725 1843 2760 equite
1862 2734 1932 2755 sane,

1096 2778 1149 2794 non
1169 2778 1226 2794 cum
1246 2770 1305 2805 equi
1325 2768 1429 2794 (1011ιί110
1449 2776 1477 2801 ag
1476 2767 1487 2791 i
1507 2776 1594 2802 posse.
1615 2766 1644 2792 fr.
1664 2768 1705 2793 57
1725 2766 1757 2793 ad
1777 2766 1804 2793 L.
1826 2767 1894 2803 Aqu
1907 2768 1929 2793 9.

1095 2815 1118 2838 2.
1139 2811 1170 2838 cf.
1191 2810 1245 2838 fr.
1242 2814 1264 2837 2.
1284 2812 1305 2844 5.
1328 2813 1350 2836 l.
1371 2810 1403 2836 de
1423 2809 1515 2845 captiv.
1535 2810 1576 2836 49.
1597 2811 1636 2835 15.
1657 2825 1688 2828 -
1709 2810 1738 2842 5.
1754 2811 1788 2836 ἒ.
1810 2811 1930 2845 Dignz-
