2197 3121
260 168 323 199 452

298 250 485 276 lncoIere.
504 246 581 280 §.10
603 246 729 277 Colere,
751 246 922 271 Culturam
942 252 1099 270 exercere.

264 292 306 319 III.
323 293 388 319 (¹11.
407 290 435 315 Si
456 300 483 315 ea
504 288 622 315 homines
642 289 737 319 vestri,
764 298 793 314 ac
811 287 936 314 rusticani
955 300 988 305 —
1008 285 1101 312 distra-
1122 316 1124 329 ι

264 335 334 366 hant,
354 343 418 370 quac
437 333 463 358 iu
482 331 522 358 his
537 332 622 361 terris.
642 341 706 367 quas
720 330 848 362 incolunt,
867 334 944 366 atque
964 330 990 355 in
1009 327 1101 355 eodem

265 388 325 405 rurc
343 378 489 413 gignuntur.
509 373 679 400 Th.C.X111.
701 375 723 400 l.
744 383 764 400 c.
779 375 803 400 3.
823 372 856 399 de
874 372 949 399 lustr.
969 371 1056 398 collat.
1069 387 1101 391 --

265 422 297 455 §.
320 421 355 446 2.
381 419 600 446 Domicz'lium
628 419 749 443 habere.
786 416 804 443 I.
829 417 891 449 Sy.
920 413 1009 441 Incola
1034 423 1101 445 esse,

265 462 382 490 incolere
401 461 595 498 (provInciam.)
615 459 645 487 [ι’.
665 461 688 487 7.
712 459 750 494 ἕξ.
771 461 810 485 10.
830 468 888 495 sqq.
909 456 942 484 (18
960 456 1056 484 interd.
1077 461 1102 483 et

266 506 344 542 releg.
363 508 404 532 48.
423 506 465 531 22.

300 548 559 577 Incolonatus.
597 545 638 573 Cf.
658 556 681 572 v.
701 545 841 572 IncolatuS.

301 591 531 619 Incolorate.
568 588 680 622 (Advb.)
719 591 792 615 Sine
811 597 925 619 rausa,
945 589 996 614 vel
1011 595 1105 620 prae·

266 641 364 662 textu.
400 632 443 660 III.
455 634 521 660 Cn.
540 632 600 659 Non
619 631 757 659 audierunt
774 629 919 657 incoloratc
937 629 1043 656 restitui
1062 627 1106 654 de-

265 678 432 705 siderantem.
452 676 482 702 fr.
504 678 544 702 18.
563 676 584 710 §.
606 677 628 701 1.
648 674 680 701 de
699 675 790 700 minor.
810 674 833 699 4.
853 674 878 699 4.

302 719 522 748 Incolumis.
549 718 678 752 (Adiect.)
706 718 737 751 ξ.
756 718 790 744 1.
811 718 956 751 Integer,
978 716 1106 741 Salvus.

267 764 297 791 II.
318 765 385 797 ΟΡ.
406 762 537 794 vitiosae.
558 777 589 781 -
609 760 756 787 Incolumes
776 758 897 792 (aedes)
922 757 952 784 fr.
973 758 1013 783 13.
1038 757 1060 791 §.
1079 758 1106 782 2.

267 807 300 834 de
318 806 403 833 damn.
423 804 468 832 inf.
486 807 528 832 39.
547 806 572 830 2.
609 803 705 830 Adimi.
727 817 757 822 —-
777 801 911 829 Incolume
933 810 1047 827 manere.
1074 798 1105 825 sr.

266 852 291 877 3.
311 849 344 876 de
363 847 457 875 interd.
478 853 504 874 et
523 847 601 882 releg.
621 847 662 872 48.
681 847 723 872 22.
751 844 793 871 III.
809 847 875 873 Cu.
894 843 1052 871 Perseverat
1070 843 1107 868 in-

268 892 379 920 columis
398 891 500 924 (actio.)
519 900 540 916 c.
561 891 584 916 4.
604 889 637 915 de
656 898 748 915 comm.
767 898 816 915 rer.
840 888 916 915 alien.
935 889 960 913 4.
979 888 1021 913 52.
1057 884 1108 912 Ha-

267 936 371 962 biturus
391 944 449 960 esse
468 932 618 960 incolumen
638 930 820 966 (libertatem.)
841 940 862 957 c.
876 932 918 957 20.
937 929 970 956 (18
989 927 1107 966 postlim.

267 988 321 1006 rev.
340 980 364 1005 8.
384 979 424 1003 51.
439 992 471 995 -
485 976 516 1009 §.
537 977 572 1002 2.
594 977 782 1009 Superstes,
804 975 911 1001 Vivus.
932 972 1020 1006 [Sy.
1037 971 1107 1002 Vivi.

268 1021 441 1058 Supra-stium,
461 1018 608 1045 Incolumes
628 1017 739 1051 (liberi.)
759 1016 789 1043 fr.
810 1018 832 1042 1.
852 1016 874 1050 §.
893 1017 918 1042 3.
937 1015 968 1042 fr.
988 1016 1012 1040 2.
1032 1014 1069 1048 §§.
1083 1016 1107 1040 3.

268 1067 292 1091 5.
313 1064 345 1091 de
362 1074 418 1090 vac.
441 1067 467 1089 et
493 1071 582 1088 exous.
607 1063 648 1087 50.
672 1062 697 1086 5.
728 1059 804 1086 vatic
837 1059 858 1093 §
882 1060 940 1085 247.
978 1057 1020 1084 III.
1041 1058 1107 1085 Cn.

269 1108 344 1144 Quae
364 1110 412 1141 (sc.
433 1105 538 1138 mulier)
558 1104 581 1130 V
595 1103 674 1130 simul
694 1103 805 1140 peperit,
826 1107 851 1128 et
865 1106 919 1128 tum
938 1100 1052 1127 habebat
1072 1101 1109 1127 in-

269 1150 394 1178 columes.
419 1148 449 1175 sr.
473 1149 515 1174 36.
540 1147 572 1174 de
596 1146 675 1173 solut.
700 1147 741 1173 46.
767 1147 791 1172 3.
840 1144 943 1171 Habere
963 1144 1109 1171 excusatio-

269 1203 328 1220 nem
347 1192 491 1219 liberorum
509 1189 679 1217 incolumium
692 1198 807 1216 numero.
822 1198 843 1215 c.
859 1189 881 1214 l.
896 1187 929 1214 de
942 1187 966 1214 h.
982 1198 1025 1224 qu.
1039 1197 1108 1214 num.

269 1236 315 1263 lib.
334 1238 358 1262 5.
378 1235 419 1261 66.

304 1278 567 1306 Incolumitas.
604 1277 801 1310 Integritas.
826 1273 868 1300 111.
883 1275 949 1302 Cn·
969 1273 1019 1301 Per
1038 1273 1110 1310 quod

269 1321 410 1349 multorum
430 1319 501 1346 salus
522 1324 546 1346 et
566 1319 730 1345 incolumitas
754 1322 918 1355 procuratur.
943 1316 992 1344 Th.
1013 1316 1044 1344 C.
1063 1316 1108 1343 IX.

269 1367 311 1392 35.
332 1375 353 1391 c.
374 1366 397 1390 Τ.
417 1362 450 1389 de
469 1363 615 1399 quaestion.
651 1362 726 1393 Eum⁷
747 1361 779 1387 de
799 1371 851 1397 quo
866 1362 958 1397 agitur,
978 1365 1004 1386 et
1022 1359 1055 1387 de
1073 1360 1110 1386 in-

272 1407 422 1435 columitate
442 1407 498 1433 cius
518 1410 566 1432 etc.
586 1405 670 1432 Vatic.
690 1405 711 1438 ξ.
733 1405 790 1430 123.

306 1450 610 1477 Incommodare.
650 1449 839 1475 Molestiam
858 1457 991 1481 parare,
1014 1448 1110 1482 Obsi-

271 1505 346 1521 rere.
382 1493 400 1519 I.
426 1494 488 1527 Sy.
508 1491 693 1528 Corrumpere.
713 1490 741 1517 sr.
764 1492 786 1517 l.
805 1491 827 1524 ξ.
844 1492 883 1517 15.
903 1489 936 1516 de
955 1490 1054 1516 ssumin.
1068 1490 1110 1515 43.

272 1539 312 1564 12.
349 1535 485 1573 Impedire.
506 1535 536 1562 fr.
558 1537 597 1561 10.
617 1535 638 1568 ξ.
658 1536 682 1560 2.
703 1533 732 1560 sr.
747 1535 785 1560 14.
805 1534 827 1568 ξ.
842 1535 866 1559 6.
886 1533 919 1559 de
932 1532 1018 1559 Aedil.
1033 1532 1110 1559 edict.

271 1582 313 1606 21.
335 1581 356 1606 l.
394 1578 435 1605 111.
449 1580 514 1606 Cn.
533 1578 562 1604 Si
582 1577 646 1613 quid
665 1576 736 1603 aliud
756 1576 809 1607 fiat,
830 1576 901 1613 quod
919 1576 1111 1611 navigationem

271 1622 456 1653 incommodet,
475 1620 651 1648 difficiliorem
675 1619 763 1650 faciat,
787 1619 830 1645 vel
849 1629 959 1656 prorsus
978 1618 1111 1655 impediat.

272 1666 303 1693 fr.
324 1668 346 1692 I.
365 1666 388 1699 ξ.
409 1667 448 1691 15.
468 1663 485 1690 l.
505 1665 546 1690 43.
568 1665 607 1689 12.
645 1662 674 1689 Si
694 1661 902 1688 incommodatur
921 1660 952 1688 ad
972 1671 1048 1687 usum
1061 1670 1112 1686 ma-

272 1718 330 1735 nus.
350 1708 380 1734 sr.
402 1709 442 1733 14.
461 1707 482 1740 ᾗ,
504 1708 527 1732 6.
548 1705 564 1732 l.
578 1708 619 1732 21.
636 1707 658 1731 1.
679 1705 710 1731 cs.
731 1704 760 1731 fr.
778 1706 799 1730 1.
819 1705 840 1738 §.
854 1706 876 1730 1.
896 1704 928 1731 de
942 1705 990 1730 riv.
1004 1705 1044 1730 43.
1058 1705 1099 1729 21.

308 1751 564 1778 Incommode.
602 1748 714 1782 (Advb.)
753 1749 848 1774 Citra
869 1749 1035 1773 rationem.
1068 1745 1110 1772 III.

274 1796 340 1822 Cn.
360 1792 420 1820 Non
439 1791 604 1819 incommode
627 1791 692 1823 dici,
712 1801 735 1817 v.
756 1790 874 1817 adhiberi
894 1790 1018 1827 (posse.)
1038 1788 1068 1815 fr.
1089 1791 1122 1819 l.,

273 1838 295 1871 §.
315 1839 339 1863 4.
359 1836 392 1862 (18
411 1835 497 1862 collat.
519 1835 578 1861 lton.
596 1836 638 1861 37.
658 1836 682 1860 6.
708 1833 738 1860 fr.
759 1835 800 1860 95.
824 1833 845 1867 §.
865 1835 889 1859 5.
915 1832 947 1859 de
971 1832 1051 1859 solut.
1071 1833 1112 1858 46.

273 1882 298 1907 3.
334 1879 457 1905 Incomm.
477 1888 605 1915 occupare
629 1877 759 1911 (locum.)
784 1875 834 1903 Th.
855 1876 885 1903 C.
905 1875 964 1902 XV.
985 1877 1007 1902 l.
1029 1885 1050 1902 c.
1070 1876 1112 1901 47.

276 1922 308 1950 de
328 1932 389 1959 opp.
409 1921 470 1958 pub.

311 1964 618 1992 Incommodstas.
641 1964 808 1993 Molestia,
828 1962 993 1988 Damnum.
1013 1961 1031 1987 1.
1051 1962 1112 1995 Sy.

275 2006 478 2034 Incommodum.
499 2006 528 2032 sr.
547 2008 571 2032 2.
596 2006 616 2039 ξ
639 2007 678 2032 16.
703 2016 735 2031 ne
755 2015 797 2041 qu.
822 2006 848 2030 in
872 2004 921 2031 loc.
945 2004 1007 2041 pub.
1027 2006 1068 2030 43.
1087 2007 1112 2031 ὅ.

276 2051 306 2078 fr.
326 2053 350 2077 3.
370 2051 392 2084 ξ.
412 2052 436 2076 2.
461 2049 493 2076 de
517 2050 564 2076 riv.
589 2050 629 2075 43.
653 2050 695 2074 21.
732 2047 776 2074 III.
796 2049 862 2075 Gn.
882 2047 911 2073 Si
931 2057 996 2083 quas
1015 2048 1113 2084 impen-

277 2104 318 2120 sas
338 2093 437 2124 fecerit,
457 2097 501 2118 aut
519 2093 541 2118 si
561 2102 636 2128 quam
661 2091 735 2117 aliam
760 2090 999 2117 incommoditatem
1017 2100 1112 2127 passus

277 2138 334 2163 erit.
354 2136 384 2162 l'r.
403 2138 426 2161 -3
452 2136 473 2169 ξ.
493 2138 517 2162 4.
542 2134 574 2161 dc
597 2134 671 2160 alirn.
698 2133 750 2160 iud.
775 2138 837 2159 mut.
862 2144 884 2160 c.
908 2135 932 2159 4.
953 2135 977 2159 7.
1014 2133 1043 2159 Si
1063 2143 1113 2169 qua

277 2179 325 2205 alia
345 2178 542 2205 incommoditas
563 2178 586 2204 ei
604 2182 667 2214 post
685 2177 821 2203 arbitrium
835 2181 987 2213 susceptum
1007 2176 1113 2202 incidat.

278 2222 308 2248 sr.
332 2223 369 2247 16.
384 2231 422 2257 pr.
437 2221 468 2247 de
482 2231 532 2247 rec.
552 2231 593 2257 qn.
608 2220 661 2247 arb.
676 2222 698 2246 4.
713 2222 736 2246 8.
774 2219 884 2255 Absque
904 2219 964 2249 nlla,
984 2219 1026 2245 vel
1046 2220 1115 2256 ipso-

277 2275 343 2296 rum,
364 2263 405 2289 vel
424 2263 528 2299 publica
548 2262 767 2289 incommoditate.
799 2262 849 2288 Th.
870 2261 900 2288 C.
922 2261 976 2288 VII.
1002 2264 1025 2288 6.
1047 2272 1067 2288 e.
1090 2264 1114 2289 5.

279 2308 311 2334 (18
330 2307 406 2333 milit.
427 2311 507 2332 vesle.

316 2350 613 2377 Incommodum.
651 2348 682 2381 ᾖ.
703 2349 738 2375 1.
759 2349 930 2380 Damnum,
952 2349 1114 2375 Molaria.

280 2394 297 2420 I.
315 2394 376 2427 Sy.
396 2391 606 2418 Incommmlitas.
627 2391 667 2416 (Ὗ.
688 2391 712 2417 h.
732 2402 756 2418 v.
776 2391 913 2417 Damnum.
935 2390 1035 2417 G.»i.111
1059 2392 1115 2417 150.

280 2436 310 2463 II.
332 2438 399 2470 ⁰1³·
419 2433 600 2461 Commodum.
622 2433 657 2459 lb.
678 2433 707 2460 II.
729 2436 786 2460 155.
811 2434 852 2460 llI.
875 2436 930 2460 150.
951 2433 1022 2460 Paul.
1043 2433 1072 2460 II.
1092 2435 1116 2460 8.

280 2480 301 2512 ξ,
323 2480 344 2505 l.
364 2478 393 2504 l'r.
413 2479 436 2503 4.
457 2477 478 2511 ξ.
498 2478 522 2502 4.
543 2475 575 2501 do
595 2477 620 2501 in
641 2476 707 2502 diem
733 2476 791 2503 add.
813 2479 852 2503 1⁸.
873 2480 896 2503 2.
922 2475 952 2502 fr.
972 2478 1012 2502 83.
1034 2476 1065 2502 de
1085 2476 1116 2503 V.

281 2522 307 2548 S.
327 2523 369 2547 50.
391 2521 428 2546 16.
466 2518 587 2546 Lucrum.
607 2517 637 2544 fr.
660 2520 697 2543 19.
719 2518 775 2545 fam.
796 2521 887 2546 ercisc.
903 2521 942 2545 10.
956 2521 980 2545 2.
996 2518 1038 2545 lll.
1051 2520 1117 2546 011.

283 2562 340 2589 Non
365 2562 396 2589 ad
421 2562 470 2589 Iloc
495 2562 621 2598 pertinet,
648 2561 718 2596 quod
742 2564 885 2589 ornamenti
905 2572 980 2589 causa
1003 2562 1046 2593 fit,
1071 2561 1118 2588 sed

282 2606 352 2641 qnod
372 2605 558 2636 deformitatis,
584 2603 626 2630 vcl
650 2604 816 2631 incommodi.
841 2605 871 2632 t'r.
894 2607 915 2631 1.
939 2605 960 2638 ς’,
979 2608 1003 2631 2.
1023 2615 1055 2630 nc
1075 2615 1117 2641 qu.

283 2649 307 2673 in
328 2648 385 2674 loc-o
405 2658 470 2674 sacr.
491 2650 532 2674 43.
552 2648 575 2672 6.
617 2646 727 2682 Aliquid
746 2646 843 2677 facero,
869 2658 899 2674 vx
925 2658 977 2684 qno
997 2647 1117 2674 damnum

283 2695 326 2716 aut
345 2690 535 2716 inconmiodum
556 2691 691 2724 irrogetur.
712 2690 742 2715 l'r.
761 2692 784 2715 2.
810 2689 843 2715 ib.
868 2691 907 2715 43.
932 2692 955 2716 6.
993 2689 1057 2716 Sine
1076 2700 1117 2716 ve-

284 2734 386 2759 xutione
406 2738 431 2758 vt
450 2732 614 2759 incommodo
629 2731 758 2764 (heredis)
773 2732 825 2757 fiat.
846 2730 874 2757 fr.
889 2734 912 2757 3.
933 2732 954 2764 ξ
968 2734 992 2758 3.
1012 2732 1045 2758 de
1059 2743 1116 2759 ann.

284 2775 358 2811 legat.
377 2776 461 2800 331.
499 2776 566 2802 Cum
586 2774 751 2801 incommodo
771 2773 873 2811 pupilli.
893 2779 917 2799 ct
931 2774 1056 2801 adversus
1070 2776 1117 2801 nti-

284 2817 381 2844 litatcm
401 2817 464 2842 eius.
485 2817 513 2843 sr.
527 2820 567 2844 45.
588 2819 609 2851 §.
623 2819 646 2844 4.
667 2817 699 2843 (18
719 2822 844 2843 excusatt.
862 2818 903 2843 27.
921 2818 943 2842 l.
980 2816 1043 2843 Sine
1063 2819 1117 2854 qni-

1082 159 1168 191 INC.

1144 242 1194 268 bus
1214 242 1320 268 omnino
1340 243 1377 268 uti
1398 252 1450 269 non
1469 246 1565 279 potest.
1595 258 1626 261 —
1656 242 1685 269 Si
1704 253 1762 269 cum
1781 242 1869 280 aliquo
1888 245 1986 270 incom—

1145 284 1224 311 modo
1244 289 1339 311 utatur.
1365 284 1395 311 fr.
1417 287 1439 311 1.
1463 285 1485 319 §.
1505 287 1528 311 4.
1554 285 1576 311 si
1602 285 1698 312 nsussr.
1723 291 1775 323 pet.
1795 288 1818 312 7.
1837 288 1860 313 6.
1899 286 1986 313 Causa

1146 327 1311 354 difficultatis
1331 327 1362 354 ad
1376 328 1570 354 incommodum
1583 329 1765 365 promissoris,
1784 338 1836 355 non
1855 329 1888 356 ad
1906 331 1986 367 impe-

1147 371 1292 397 dimentum
1312 370 1478 408 stIpulatoris
1497 372 1620 408 pertinet.
1641 371 1672 398 fr.
1694 373 1751 398 137.
1771 372 1795 406 §
1812 374 1838 398 4.
1857 371 1888 398 de
1907 371 1939 399 V.
1951 372 1985 399 Ο.

1147 415 1188 440 45.
1210 415 1232 440 l.
1267 413 1465 440 Incommodum
1488 415 1556 451 pati,
1580 424 1604 440 v.
1629 415 1737 441 sentire.
1757 414 1787 441 fr.
1808 416 1831 441 l.
1851 415 1873 448 §.
1891 416 1934 442 23.
1954 415 1987 442 de

1147 466 1214 493 aqua
1238 460 1264 483 et
1286 466 1344 492 aqu.
1369 456 1405 493 pl.
1429 457 1471 483 39.
1496 458 1520 483 3.
1544 456 1575 483 fr.
1599 458 1623 483 4.
1648 457 1681 483 de
1704 462 1792 484 novat.
1811 458 1852 484 46.
1871 459 1896 484 2.
1932 457 1987 484 Ali-

1148 509 1225 536 quam
1252 504 1353 536 partem
1376 499 1513 537 parvulam
1535 500 1694 527 incommodi
1723 501 1863 527 sustinere.
1891 499 1922 526 sr.
1944 501 1987 527 27.

1148 552 1187 579 pr.
1207 541 1284 569 locat.
1305 544 1344 569 19.
1364 545 1389 569 2.
1426 542 1491 569 Sine
1515 542 1681 569 incommodo
1706 544 1743 570 rei
1762 542 1896 570 familiaris
1916 542 1989 576 (con-

1149 585 1253 612 trahere
1270 586 1372 623 posse.)
1392 585 1422 612 sr.
1442 587 1484 625 96.
1503 595 1543 622 pr.
1564 585 1686 622 delegat.
1700 586 1717 612 I.
1733 587 1800 620 (30.)
1836 585 1896 612 Non
1909 595 1990 623 posse

1150 629 1279 666 (separari
1298 628 1360 661 etc.)
1379 629 1437 655 sine
1460 638 1553 664 magno
1577 629 1752 655 incommodo.
1777 629 1807 656 fr.
1826 631 1868 656 35.
1888 628 1921 656 de
1939 628 1990 655 Ae-

1151 671 1196 698 dil.
1217 671 1294 698 edict.
1313 673 1355 697 21.
1376 673 1399 698 1.
1424 671 1481 698 Gai.
1505 671 1549 698 IV.
1575 673 1615 698 17.
1656 671 1786 699 Tribuere
1809 671 1945 699 commoda
1964 675 1991 698 et

1151 713 1314 741 incommoda
1333 713 1524 748 (hereditaria.)
1543 713 1574 740 sr.
1596 716 1618 741 l.
1638 714 1670 741 de
1683 715 1713 742 B.
1728 714 1755 742 P.
1769 717 1811 742 37.
1827 717 1848 742 l.
1863 729 1898 734 -—
1910 715 1942 749 ᾗ.
1953 715 1990 741 Β.

1153 760 1265 784 Poena.
1290 756 1332 783 111.
1356 759 1422 785 Gn.
1441 758 1643 795 D‹›po1-tationis
1662 758 1829 785 incommodo
1848 758 2004 795 subiugari..

1152 800 1202 827 Th.
1226 799 1257 827 C.
1280 799 1338 826 XII.
1364 802 1386 827 l.
1411 811 1432 827 c.
1458 802 1499 827 92.
1524 800 1557 827 (18
1581 800 1716 828 decurion.
1741 800 1763 828 V
1781 800 1906 828 librarum
1934 800 1991 827 auri

1150 843 1277 870 multetur
1295 843 1469 870 incommodo.
1488 843 1526 870 lb.
1546 843 1614 870 wll.
1636 846 1659 870 7.
1679 854 1700 870 c.
1722 846 1762 871 18.
1782 843 1815 870 de
1834 844 1886 870 div.
1906 843 1950 869 off.

1186 887 1465 914 Incommodum.
1503 887 1642 920 (Adiect.)
1682 888 1858 919 Molestus,
1880 888 1991 913 Minus

1151 932 1337 957 commodus.
1373 928 1417 955 III.
1447 931 1512 957 Gn.
1541 930 1569 956 Si
1589 929 1697 956 arbores
1716 945 1749 949 --
1767 939 1821 956 non
1840 929 1925 962 tollat,
1942 938 1992 966 per

1152 972 1224 1009 quod
1242 972 1434 999 incommodior
1452 973 1510 1006 (is)
1534 974 1569 999 sit
1589 972 1699 1004 ususfr..
1719 972 1762 999 vel
1781 973 1838 999 iter.
1857 972 1888 999 fr.
1909 973 1949 998 19.
1968 971 1991 1006 §.

1154 1017 1176 1042 1.
1196 1015 1229 1042 de
1248 1014 1331 1042 usul'r.
1352 1017 1375 1042 7.
1396 1017 1419 1042 l.
1455 1015 1524 1042 Data
1542 1026 1621 1053 opera
1642 1031 1674 1035 —
1694 1015 1850 1047 contulisse,
1868 1019 1898 1041 ut
1910 1014 1993 1041 actori

1153 1057 1344 1085 incommodior
1368 1063 1440 1085 essct
1463 1058 1599 1090 exhibitio.
1625 1058 1657 1085 fr.
1684 1061 1723 1084 ll.
1749 1059 1771 1092 §
1798 1060 1820 1084 1.
1844 1057 1877 1084 ad
1905 1056 1991 1084 exhib.

1154 1103 1194 1127 10.
1213 1104 1238 1128 4.

1188 1145 1512 1178 Incompetenter.
1550 1144 1672 1178 (Advb.)
1709 1146 1856 1176 Iniuste,
1876 1146 1994 1178 Perpe-

1152 1197 1229 1215 ram.
1274 1187 1318 1214 III.
1342 1188 1408 1215 Gn.
1439 1186 1517 1214 Alios
1545 1187 1659 1224 incomp.
1687 1187 1813 1219 removit,
1841 1186 1995 1213 indecenter

1154 1230 1220 1257 alios
1240 1246 1273 1250 —
1292 1230 1431 1257 ordinavit.
1456 1229 1523 1256 Nov.
1548 1228 1605 1256 Val.
1629 1229 1672 1256 111.
1697 1229 1730 1256 (18
1753 1231 1834 1266 episc.
1858 1228 1942 1256 ordin.
1962 1228 1994 1255 II.

1156 1276 1195 1300 17.
1216 1283 1237 1300 c.
1260 1275 1281 1300 1.
1302 1273 1324 1308 §
1345 1275 1368 1300 l.
1388 1272 1420 1299 cf.
1440 1272 1621 1299 Th.C.XV1.
1639 1275 1665 1299 2.
1686 1283 1707 1300 c.
1727 1274 1768 1299 44.
1788 1273 1810 1306 §.
1826 1274 1848 1298 1.
1868 1271 1900 1298 (18
1914 1272 1994 1309 episc.

1154 1316 1216 1344 eccl.

1189 1359 1479 1393 Incompositus.
1512 1358 1642 1391 (Adiect.)
1681 1359 1768 1386 Male
1782 1360 1994 1393 compositus.

1153 1403 1196 1429 III.
1221 1404 1287 1431 Gn.
1312 1402 1398 1429 Omne
1421 1402 1565 1434 infinitum,
1591 1406 1616 1428 et
1635 1411 1774 1439 perperam
1797 1401 1920 1434 effusum.
1944 1411 1996 1427 me-

1154 1447 1205 1473 rito
1225 1450 1251 1472 et
1268 1445 1375 1472 incivile
1401 1450 1427 1472 et
1449 1446 1654 1482 incompositum
1677 1455 1738 1471 esse
1761 1444 1907 1471 credentes.
1927 1443 1995 1471 Nov.

1154 1490 1196 1516 36.
1215 1499 1254 1526 pr.

1190 1533 1434 1559 Inconcusse.
1472 1530 1585 1565 (Advb.)
1622 1532 1791 1558 Firmiter.
1811 1530 1853 1557 III.
1870 1531 1937 1558 Gn·
1955 1529 1996 1556 In—

1156 1585 1228 1602 conc.
1248 1574 1416 1612 possideant,
1436 1579 1514 1611 atque
1533 1574 1566 1601 ad
1584 1584 1648 1600 suos
1667 1579 1791 1611 posteros
1809 1574 1995 1600 transmittant.

1156 1629 1178 1644 c.
1197 1619 1221 1644 6.
1241 1617 1274 1644 de
1293 1617 1365 1644 fund.
1385 1618 1488 1655 patrim.
1512 1619 1552 1643 11.
1573 1618 1615 1643 61.

1191 1663 1458 1687 Inconcussus.
1496 1659 1635 1693 (Adiect.)
1674 1661 1829 1692 stabilis,
1856 1661 1995 1686 Firmus.

1156 1703 1174 1730 I.
1191 1704 1253 1737 Sy.
1278 1702 1406 1730 Illibatus.
1425 1702 1510 1729 Vatic.
1530 1702 1567 1737 §§.
1586 1704 1646 1729 281.
1665 1704 1724 1729 284.
1761 1702 1842 1729 Fixus
1861 1703 1998 1729 intemera-

1157 1751 1260 1783 tusque.
1281 1745 1331 1772 Th.
1352 1746 1382 1773 C.
1402 1745 1459 1772 XII.
1481 1747 1503 1772 l.
1523 1756 1544 1772 c.
1561 1746 1617 1771 139.
1638 1755 1658 1771 c.
1675 1747 1732 1772 141.
1752 1745 1784 1772 de
1797 1745 1931 1772 decurion.
1953 1744 1997 1771 ΙΠ.

1158 1791 1223 1817 0²1·
1243 1788 1338 1815 Valere
1357 1789 1542 1826 praecipimuS‚
1562 1798 1591 1814 ac
1610 1788 1732 1815 volumus
1751 1789 1938 1814 inconcussum
1957 1797 1998 1814 ae-

1157 1837 1313 1868 ternumque
1332 1831 1433 1858 durare.
1453 1831 1490 1857 Ib.
1511 1830 1554 1857 Vl.
1575 1832 1616 1858 24.
1637 1841 1658 1858 c.
1673 1833 1696 1858 6.
1716 1830 1749 1858 (18
1767 1830 1878 1858 domest.
1899 1835 1925 1857 et
1936 1839 1998 1868 pro-

1158 1879 1218 1902 tect.
1255 1874 1441 1901 Inconcussam
1464 1884 1494 1900 ac
1521 1879 1674 1911 perpetuam
1699 1874 1847 1900 firmitatem
1870 1872 1997 1899 obtinere.

1160 1929 1181 1945 c.
1200 1919 1242 1944 30.
1263 1917 1295 1944 (18
1319 1917 1406 1944 donat.
1432 1918 1455 1943 8.
1481 1918 1522 1944 54.
1564 1917 1686 1944 Firmiter
1708 1918 1735 1944 in
1754 1922 1894 1948 aeternum.
1913 1915 1997 1942 veluti

1159 1962 1261 1999 privato
1282 1966 1307 1987 et
1326 1962 1484 1987 inconcusso
1505 1961 1568 1992 iure,
1588 1960 1735 1997 possidere.
1755 1959 1822 1986 Nov.
1843 1958 1892 1985 Th.
1912 1957 1942 1984 11.
1963 1957 1996 1984 (18

1159 2005 1298 2042 patrimon.
1317 2004 1335 2030 I.
1355 2005 1378 2030 3.
1400 2014 1419 2029 c.
1442 2005 1464 2029 1.
1484 2003 1505 2037 ξ.
1519 2005 1543 2030 3.
1581 2003 1713 2029 Continua
1733 2007 1758 2029 et
1771 2004 1927 2028 inconcussa
1947 2002 1996 2035 (te-

1160 2048 1246 2074 nentis
1264 2047 1428 2084 possessio.)
1452 2056 1472 2072 c.
1492 2047 1516 2072 4.
1541 2045 1573 2072 de
1597 2046 1657 2072 bon.
1683 2056 1725 2082 qu.
1750 2045 1795 2072 lib.
1815 2046 1838 2071 6.
1858 2045 1899 2071 61.
1920 2043 1952 2070 cf.
1973 2053 1995 2071 c.

1158 2092 1182 2116 4.
1203 2090 1254 2125 Qu.
1275 2099 1326 2115 non
1346 2089 1423 2115 obiic.
1442 2088 1459 2115 l.
1478 2093 1496 2115 t.
1516 2098 1629 2125 praescr.
1651 2090 1674 2114 7.
1693 2091 1735 2114 35.

1194 2132 1432 2160 Inconditus,
1452 2131 1582 2164 (Adiect.)
1605 2133 1671 2158 Nou
1691 2132 1887 2162 conveniens,
1908 2140 1929 2156 r.
1945 2139 1996 2156 ra—

1158 2177 1341 2203 tionabilis.
1378 2174 1420 2201 111.
1441 2175 1507 2202 Cn.
1535 2174 1630 2211 Incipit
1653 2173 1777 2209 obligatio
1797 2173 1882 2199 civilis
1903 2188 1935 2193 -
1954 2182 1998 2199 au-

1159 2218 1251 2246 xilinm
1270 2218 1434 2254 exceptionis
1454 2217 1587 2247 amitten-⁰3
1606 2217 1699 2242 etenim
1713 2215 1875 2242 inconditum
1896 2214 1939 2249 [al.
1960 2216 1998 2241 in-

1159 2261 1315 2294 terdictum]
1341 2265 1394 2292 est,
1418 2259 1558 2286 subvenire
1582 2264 1631 2286 etc.
1655 2259 1685 2285 fr.
1710 2260 1751 2285 95.
1776 2259 1797 2293 ξ.
1817 2260 1841 2284 2.
1865 2258 1898 2285 de
1917 2257 1997 2285 solut.

1160 2306 1200 2331 46.
1220 2306 1244 2330 3.

1196 2349 1470 2380 lucongruens.
1507 2345 1636 2378 (Aah-ct.)
1674 2346 1916 2371 1nvmzvenieus.
1953 2343 1996 2370 111.

1161 2392 1227 2418 (111.
1247 2389 1306 2416 Nun
1326 2394 1378 2415 tam
1397 2388 1513 2415 solemne
1529 2392 1568 2413 est
1587 2397 1708 2419 annuum,
1723 2387 1839 2424 -qnod
1859 2397 1925 2414 uxor
1948 2397 1999 2413 ma-

1161 2435 1211 2459 rito
1231 2437 1363 2470 praestan
1388 2432 1466 2458 immo
1490 2431 1666 2466 incongruens
1690 2435 1742 2462 cst,
1764 2435 1789 2456 et
1809 2434 1898 2455 eontra
1917 2438 1998 2455 sexus

1162 2481 1286 2502 naturam.
1307 2475 1337 2502 fr.
1356 2477 1398 2501 33.
1418 2474 1439 2507 ξ.
1460 2475 1481 2499 l.
1503 2473 1534 2499 de
1554 2473 1614 2499 don.
1634 2474 1679 2499 int.
1701 2473 1732 2499 V.
1755 2474 1797 2499 24.
1819 2474 1840 2498 l.
1878 2472 1996 2508 Incongr.

1162 2519 1309 2550 videbatur,
1328 2522 1358 2544 ut
1376 2522 1424 2543 etc.
1445 2516 1474 2542 fr.
1493 2518 1517 2542 4.
1537 2517 1559 2550 ς’.
1579 2519 1602 2543 2.
1624 2516 1656 2543 de
1675 2515 1744 2552 vulg.
1765 2520 1790 2541 et
1809 2525 1870 2552 pup.
1890 2516 1932 2541 28.
1952 2516 1975 2540 6.

1198 2564 1446 2594 Incongruus.
1467 2558 1595 2591 (Adiect.)
1620 2561 1689 2586 Non
1709 2561 1853 2590 idonens,
1876 2559 1997 2584 Incom-

1160 2611 1277 2639 petens.
1303 2602 1344 2629 III.
1361 2603 1425 2629 Cn.
1444 2601 1573 2628 Demcndi
1593 2611 1795 2639 supervacanea,
1815 2605 1839 2626 ct
1860 2597 1998 2627 adiiciendi

1162 2647 1317 2678 necessaria,
1337 2649 1361 2671 ct
1375 2644 1491 2671 mutandi
1505 2645 1630 2680 ambigua,
1651 2650 1675 2671 et
1690 2643 1844 2671 emendandi
1858 2644 1997 2677 incongrua

1163 2690 1314 2723 (tribuimus
1328 2688 1506 2724 potestatem.)
1522 2687 1570 2714 Th.
1586 2687 1616 2714 C.
1630 2687 1647 2713 1.
1664 2689 1685 2713 I.
1701 2698 1722 2714 c.
1737 2689 1759 2713 6.
1774 2687 1796 2720 ξ
1814 2688 1834 2713 l.
1848 2684 1950 2718 (ch.)
1964 2683 1997 2710 de

1162 2737 1244 2759 const.
1275 2731 1316 2757 I'r.
1350 2730 1391 2756 Ad
1424 2731 1590 2765 incongruam
1618 2730 1670 2756 sibi
1698 2730 1827 2756 fortunam
1854 2727 1995 2763 adspirare.

1161 2775 1196 2801 lb.
1224 2773 1284 2800 XII.
1314 2775 1334 2800 l.
1364 2784 1384 2799 c.
1416 2775 1471 2799 183.
1497 2773 1529 2799 de
1554 2772 1687 2799 docui-ion.
1737 2772 1807 2799 Dum
1839 2780 1881 2796 res
1909 2769 1941 2795 ab
1969 2771 1996 2795 in

1162 2818 1283 2853 congruis
1308 2821 1467 2854 usurpantur
1485 2816 1615 2842 audacter.
1662 2815 1834 2851 Incongruum
1858 2822 1916 2839 eum
1936 2822 1995 2839 esse
