2197 3121
256 168 320 199 970

259 249 320 286 le.
339 248 409 276 le.
432 250 454 275 1.
490 248 600 280 Iustitia,
621 254 660 275 est
680 254 803 276 constans
823 254 849 276 et
867 254 992 287 perpetua
1009 249 1101 276 volun·
1122 275 1124 291 ἵ

258 297 307 323 tas,
327 293 367 318 ius
388 302 462 318 suum
483 293 576 328 cuique
596 292 722 319 tribuens.
743 292 773 319 fr.
789 294 828 319 10.
849 302 888 330 pr.
907 293 928 326 §.
946 294 966 319 1.
987 292 1019 319 de
1039 292 1056 319 1.
1075 296 1101 319 et

258 334 276 362 1.
299 336 321 361 l.
343 336 365 361 l.
409 334 496 370 Longa
523 336 696 371 possessione
722 335 802 362 tribui
826 336 866 361 ius
890 340 938 362 etc.
967 335 997 362 I'r.
1018 337 1041 362 4.
1068 334 1101 362 de

259 383 336 405 mort.
357 377 431 405 inser.
448 379 486 403 11.
499 379 523 404 8.
556 377 624 404 Cum
643 378 803 405 hereditates
817 393 849 398 —-
862 377 982 416 pleniore
1000 377 1101 405 honore

258 421 413 448 tribuantur.
434 420 464 447 sr.
478 422 502 447 5.
522 421 544 454 ξ.
560 423 583 448 6,
604 420 637 448 de
656 421 731 458 legat.
751 425 848 458 praest.
861 423 903 448 37.
923 423 946 448 5.
984 420 1100 448 Feminis

258 464 410 501 dignitatem
430 463 601 491 clarissimam
621 465 705 491 mariti
725 464 850 492 tribuunt.
871 465 900 492 fr.
914 465 938 491 8.
958 464 991 491 de
1009 464 1098 491 Senat.

260 509 281 534 l.
296 510 320 534 9.
348 507 386 533 Ex
407 516 493 538 causa,
513 512 539 533 et
558 517 678 544 persona,
699 506 724 533 id
744 507 909 534 tribuendum
923 512 995 545 puto.
1015 507 1046 534 l'r.
1056 508 1098 534 84.

258 549 291 577 de
314 551 370 576 iure
394 548 446 576 dot.
466 551 507 576 23.
527 552 551 576 3.
577 549 607 577 cf.
633 550 662 577 fr.
681 552 723 577 21,
748 551 770 584 §.
789 552 813 577 5.
838 550 889 586 Qu.
909 555 968 577 met
989 560 1011 577 c.
1031 553 1055 578 4.
1073 552 1098 577 2.

258 592 317 619 Non
337 593 435 629 passim
454 593 586 620 tutoribus
601 609 631 613 —
647 594 761 630 permitti
775 593 866 620 debuit
885 593 1011 626 venditio,
1031 604 1100 620 nam-

258 645 308 672 que
333 645 384 662 non
410 645 470 662 esse
493 637 561 662 viam
589 637 626 662 eis
656 636 836 663 distractionis
863 637 995 664 tributam.
1024 638 1054 664 fr.
1073 638 1098 664 5.
1120 646 1121 660 ¹

257 679 295 713 ἐξ.
315 679 338 704 9.
360 680 400 705 14.
424 678 457 705 de
480 679 534 706 reb.
559 689 612 706 eor.
631 680 676 716 qui
694 689 715 706 s.
737 684 784 706 tut.
803 682 845 706 27.
864 682 889 706 9.
911 697 941 701 -
962 680 993 714 §0
1013 681 1099 707 212.

259 723 388 754 Cedere,
410 723 574 749 Mandat-e.
611 722 654 749 III.
678 724 743 750 Cn.
763 723 886 750 Mandare
905 733 994 750 earum
1012 732 1098 749 rerum

257 766 476 802 persecutionem,
495 766 666 802 actionesque
686 766 809 793 tribuere.
828 766 859 793 fr.
878 767 902 792 2.
923 767 944 800 §.
961 768 986 792 3.
1005 765 1038 792 de
1056 765 1099 792 he-

258 807 312 835 red.
332 818 355 834 v.
375 813 423 835 act.
443 808 520 835 vend.
542 810 581 835 18.
601 811 625 835 4.
661 808 769 836 Modum
792 809 950 836 commodati
968 809 1100 846 finemque

258 851 450 889 praescribere,
479 853 534 878 eius
559 857 612 884 est,
637 853 681 888 qui
705 852 861 879 beneficium
883 851 983 878 tribuit.
1007 851 1038 878 sr.
1060 853 1099 878 17.

258 895 279 929 ς’.
300 896 323 921 3.
344 894 472 921 commod.
494 897 533 921 13.
553 896 576 921 6.
592 911 623 915 —
643 895 674 929 ᾖ.
687 896 722 922 2.
733 897 778 922 Β.
797 897 958 932 Efficere.
978 894 1021 921 111.
1033 895 1100 922 Cn.
1120 890 1122 894 ’

258 937 299 964 Ab
320 938 390 976 omni
409 937 590 974 inquietudine
603 938 751 965 tribuantur
765 939 902 965 immunes.
921 937 971 965 Tb.
985 936 1016 964 C.
1030 937 1098 964 XIII.
1121 939 1123 955 ¹

257 982 282 1007 3.
303 983 380 1007 c.10.
400 980 432 1007 de
451 980 543 1007 medic.
565 986 591 1008 et
603 981 669 1019 prof.
684 997 716 1001 —
736 982 767 1015 ἕ.
779 982 816 1008 3.
837 983 1006 1016 Adrogare
1024 982 1100 1012 sibi,
1122 998 1123 1007 η

262 1025 433 1058 Vsurpare.
470 1024 513 1050 III.
533 1025 599 1052 Gn.
628 1023 683 1051 Nec
707 1025 844 1061 quisquam
868 1024 920 1050 sibi
939 1040 968 1045 —
995 1028 1101 1061 sponta-

258 1077 332 1093 neam
356 1066 507 1093 vindicandi
530 1067 628 1094 tribuat
646 1072 811 1104 potestatem.
835 1067 872 1094 lb.
891 1067 936 1093 IX.
956 1068 998 1093 42.
1018 1076 1038 1093 c.
1060 1068 1100 1093 14.
1122 1066 1123 1082 ¹

258 1110 291 1137 de
310 1110 370 1136 bon.
391 1120 491 1147 proscr.
1122 1125 1124 1142 1

294 1154 493 1181 'frib-mal.
530 1153 561 1186 §.
576 1154 610 1180 1.
632 1156 814 1189 Suggestus
832 1154 969 1183 editior,
989 1153 1029 1185 (in
1048 1161 1100 1188 quo
1122 1171 1124 1175 -

258 1198 425 1233 magistratus
451 1196 547 1223 sedens
571 1196 762 1223 iurisdictionis
782 1195 900 1232 partibus
924 1195 1100 1231 fungebatur.)
1123 1203 1124 1219 1

259 1239 290 1266 ΙΙ.
307 1241 374 1274 Op.
395 1239 510 1266 Planum.
532 1239 573 1266 CI'.
594 1249 618 1265 v.
638 1239 744 1266 Planus.
764 1239 859 1272 §.1A.
898 1237 948 1264 Pro
969 1237 1101 1270 tribunali,
1123 1251 1125 1270 k

260 1299 292 1304 —
312 1282 393 1314 Alibi,
413 1282 441 1309 In
461 1283 574 1309 transitu
593 1284 696 1319 (petere
714 1282 776 1315 etc.)
797 1281 826 1308 sr.
840 1283 864 1307 4.
884 1281 907 1315 §.
920 1284 945 1308 8.
965 1281 998 1308 de
1017 1281 1101 1308 damn.

259 1325 304 1353 inf.
317 1327 359 1352 39.
374 1328 398 1352 2.
418 1325 449 1352 [r.
463 1327 486 1352 7.
506 1325 539 1352 de
558 1335 624 1351 man.
644 1325 715 1352 vind.
730 1327 770 1351 40.
789 1326 814 1351 2.
851 1323 902 1351 Pro
922 1324 1055 1357 tribunali,
1070 1340 1101 1345 —
1124 1354 1125 1365 ἵ

258 1368 310 1396 Per
333 1368 452 1395 libellum
476 1368 567 1401 (adire
585 1367 724 1394 Rectorem
743 1367 803 1401 Pr.)
828 1378 849 1394 c.
868 1369 892 1394 2.
919 1367 1047 1403 Quemad.
1067 1372 1103 1394 te·
1124 1370 1125 1391 1

260 1417 334 1439 stam.
349 1421 418 1448 aper.
432 1413 455 1438 6.
468 1413 512 1438 32.
548 1410 669 1438 men.
689 1411 780 1437 Sessio
800 1421 847 1447 pro
867 1410 998 1438 tribunali.
1019 1410 1103 1437 vatic.

259 1456 282 1489 ξ.
304 1456 360 1481 163.
381 1464 439 1491 sqq.
459 1454 491 1481 cl‘.
513 1456 569 1480 161.
593 1453 622 1480 sr.
644 1456 666 1480 7.
687 1464 724 1491 pr.
745 1453 778 1480 de
797 1453 815 1480 1.
835 1453 854 1480 I.
874 1453 905 1480 R.
924 1455 949 1480 4.
970 1456 993 1481 l.
1030 1453 1104 1481 Aditi
1125 1453 1126 1483 J

261 1508 309 1536 pro
330 1497 454 1524 tribunali
473 1497 508 1528 hi,
529 1498 640 1533 quorum
653 1496 686 1523 de
699 1507 728 1523 ea
743 1507 770 1522 re
783 1497 856 1523 notio
870 1501 918 1523 est.
937 1496 967 1523 fr.
981 1499 1006 1524 5.
1025 1497 1047 1530 §.
1064 1498 1103 1523 16.
1124 1493 1126 1521 '1

261 1546 288 1568 ut
308 1542 334 1567 in
354 1550 424 1577 poss.
445 1540 520 1577 legat.
540 1542 581 1566 36.
596 1542 620 1566 4.
641 1539 671 1566 sr.
685 1542 726 1566 23.
747 1540 769 1574 ξ.
782 1541 806 1566 3.
827 1539 859 1566 de
878 1535 937 1577 adp.
958 1545 983 1567 et
1001 1539 1047 1567 rel.
1061 1541 1103 1567 49.
1124 1564 1125 1580 ἦ

262 1586 284 1611 l.
323 1584 418 1620 Quivis
442 1583 534 1616 iudex,
555 1584 599 1620 qui
619 1582 743 1610 tribunali
763 1588 881 1620 praeest,
910 1583 953 1610 vel
972 1583 1047 1610 aliam
1066 1584 1103 1610 iu·
1124 1586 1126 1622 ᾖ

260 1627 442 1654 risdictionem
469 1627 555 1653 habet.
584 1626 614 1653 l'r.
636 1628 658 1652 1.
684 1625 717 1652 de
741 1625 819 1652 iudic.
843 1628 867 1652 5.
890 1627 911 1652 1.
949 1625 1102 1653 Tribunalia
1123 1625 1126 1667 j

260 1670 422 1697 Praesidum.
441 1670 511 1697 Coll.
532 1669 584 1696 LL.
604 1669 638 1696 M.
657 1668 728 1695 XIV.
747 1670 772 1695 3.
810 1668 948 1706 leianus,
971 1669 1004 1696 de
1023 1670 1104 1696 omni·
1124 1673 1125 1712 ξ

260 1713 310 1740 bus
329 1713 513 1740 tribunalibus.
534 1713 574 1740 Cf.
594 1712 734 1739 Hommelii
754 1711 883 1749 palingen.
903 1712 945 1739 111.
965 1714 1024 1739 589.
1043 1722 1102 1749 sqq.
1124 1735 1126 1763 ἶ

260 1756 362 1783 Divisis
376 1756 561 1787 tribunalibus,
575 1757 702 1783 actionem
717 1755 856 1782 inofficiosi
872 1757 1020 1782 testamenti
1033 1756 1103 1793 (per-

261 1799 354 1832 t'crre.)
378 1800 408 1826 l'r.
429 1801 469 1826 76.
490 1809 529 1836 pr.
554 1799 587 1826 (le
610 1799 686 1835 legat.
706 1798 736 1825 11.
758 1799 833 1830 (31.)
870 1798 1029 1825 interdicere
1053 1799 1103 1830 cui,
1124 1804 1126 1833 ἦ

262 1852 294 1868 ne
313 1842 383 1879 apud
397 1842 510 1869 tribunal
524 1842 656 1869 Praesidis
675 1841 800 1880 postulet.
820 1841 850 1869 fr.
862 1843 886 1869 9.
906 1843 927 1876 ξ.
941 1844 965 1868 2.
979 1841 1012 1868 de
1025 1852 1102 1879 poen.

261 1886 302 1912 48.
320 1886 358 1911 19.
374 1902 403 1906 -—
425 1886 455 1918 ξ.
468 1887 503 1912 2.
524 1888 644 1912 Forum
662 1896 847 1917 causarum,
868 1886 1035 1923 (praesertim
1048 1895 1103 1911 sae·
1125 1884 1126 1916 ζ

1074 166 1157 198 TRI.

1145 248 1315 284 obligaverit,
1336 264 1366 269 --
1391 248 1505 275 divortio
1531 248 1612 281 facto,
1637 259 1668 276 eo
1692 251 1797 277 nomine
1820 260 1911 278 cavere
1933 251 1986 280 sibi

1144 291 1214 318 solet
1233 291 1404 329 stipulatione
1423 291 1570 319 tribunicia.
1591 292 1652 330 le.
1672 292 1728 320 Vll.
1747 295 1771 320 3.

1180 335 1385 362 Tribunus.
1421 335 1453 368 ξ.
1474 336 1508 362 1.
1540 337 1706 371 Magister
1728 338 1886 371 equitum,
1911 343 1985 364 eent-

1143 379 1276 412 port'bua
1295 387 1407 413 regum
1427 379 1458 404 R.
1495 377 1538 404 111.
1559 379 1625 406 Gn.
1655 378 1789 406 Tribunus
1809 379 1934 406 Celerum
1953 396 1986 400 —

1145 425 1212 452 erat,
1232 421 1275 457 qui
1295 420 1428 457 equitibus
1448 425 1581 458 praeerat,
1601 426 1627 448 et
1645 421 1718 449 velut
1737 421 1881 449 secundum
1900 422 1987 450 locum

1144 474 1157 490 a
1177 463 1282 499 regibus
1301 463 1444 490 obtinebat.
1471 463 1502 490 fr.
1520 466 1544 490 2.
1563 465 1584 498 §.
1606 467 1646 491 15.
1666 465 1698 492 cf.
1717 465 1739 499 §.
1761 466 1800 492 19.
1820 464 1852 492 de
1872 465 1905 493 O.
1924 465 1943 492 1.
1963 467 1987 492 1.

1143 509 1206 533 2.-
1231 507 1262 540 δ.
1277 507 1312 533 2.
1333 509 1438 533 Genus
1457 509 1716 543 magistratuum
1735 509 1910 541 maiorum,
1929 509 1986 545 (qui

1145 549 1237 587 primis
1263 548 1362 576 liberae
1389 550 1454 586 reip.
1480 549 1510 576 R.
1540 550 1717 587 temporibus,
1745 552 1802 577 vice
1827 550 1987 584 Consulum,

1144 592 1223 618 creati
1242 592 1324 621 sunt.)
1361 591 1403 619 111.
1426 593 1493 620 Cn.
1514 592 1633 625 Deinde,
1654 604 1711 620 cum
1732 609 1762 613 —
1784 593 1860 631 plebs
1881 599 1988 622 couten-

1143 634 1218 662 deret
1237 644 1294 661 cum
1313 634 1451 666 Patribus,
1476 640 1503 662 et
1526 635 1608 662 vellet
1631 647 1663 664 ex
1681 647 1730 663 suu
1750 647 1857 674 quoque
1876 647 1988 674 corpore

1143 677 1222 705 Coss.
1243 678 1339 709 creari,
1364 682 1390 703 et
1409 677 1500 704 Patres
1520 684 1688 711 recusarent,
1708 679 1804 706 sactum
1824 684 1864 707 est
1883 684 1911 706 ut
1930 679 1988 707 Tri-

1144 721 1207 748 buni
1230 719 1342 748 militum
1366 726 1517 748 crearentur
1536 737 1567 741 -
1593 722 1724 749 consulari
1748 727 1887 760 potestate.
1913 722 1943 750 fr.
1962 724 1987 749 2.

1143 764 1165 798 ξ.
1185 765 1227 790 25.
1252 762 1285 790 de
1305 762 1375 789 0.1.
1397 765 1419 790 l.
1438 766 1462 790 2.
1487 779 1519 784 —
1548 765 1579 798 δ.
1601 766 1639 792 3.
1664 768 1771 793 Plebin
1790 776 1862 793 rom.
1882 772 1987 798 tutor,

1143 813 1173 834 et
1195 807 1424 841 magistratus.
1466 806 1508 833 111.
1525 808 1592 835 Cn.
1617 807 1751 835 Tribunos
1774 808 1825 835 sibi
1850 810 1876 836 in
1899 813 1989 836 monte

1120 879 1123 886 .
1143 860 1219 877 sacro
1239 850 1337 876 creavit
1351 850 1399 882 (sc.
1413 848 1510 885 plebs,)
1530 851 1574 887 qui
1594 856 1684 877 essent
1697 851 1795 889 plebeii
1808 853 1988 888 magistratus;

1144 893 1209 920 dicti
1236 892 1362 923 Tribuni,
1387 908 1419 913 —
1443 894 1502 929 quia
1532 893 1647 920 tribuum
1673 895 1797 931 suffragio
1825 895 1988 922 creabantur.

1144 936 1175 962 fr.
1194 938 1219 963 2.
1240 936 1276 970 §§.
1295 937 1337 962 20.
1356 937 1398 962 3-1.
1419 935 1451 962 de
1472 936 1504 962 0.
1524 935 1542 962 I.
1566 938 1587 963 l.
1606 939 1631 963 2.
1651 937 1683 964 cf.
1703 938 1724 972 ᾗ.
1744 940 1768 964 4.
1789 937 1807 965 I.
1827 937 1860 964 de
1880 937 1898 964 1.
1918 936 1951 964 N.
1966 939 1988 964 l.

1144 981 1168 1005 2.
1208 978 1232 1005 A
1257 977 1382 1005 praetore
1409 978 1509 1005 urbano
1533 984 1558 1005 et
1589 981 1687 1007 maiore
1710 986 1785 1018 parte
1810 980 1990 1008 Tribunorum

1122 1029 1123 1038 ¹
1145 1021 1215 1059 pleb.
1234 1025 1321 1053 <tutor
1339 1020 1416 1047 datur
1435 1031 1466 1047 ex
1486 1020 1516 1048 L.
1535 1022 1637 1056 Atilia.)
1663 1023 1720 1050 Gai.
1741 1023 1760 1050 1.
1781 1025 1838 1051 185.
1865 1023 1924 1061 le.
1943 1022 1989 1050 XI.

1146 1066 1185 1091 18.
1223 1064 1314 1099 Qum,
1333 1064 1432 1090 veteris
1452 1062 1630 1092 Tribunorum
1649 1065 1736 1103 plebis
1755 1066 1932 1104 adpellationc
1950 1076 1990 1093 rc-

1145 1116 1266 1144 spersos,
1287 1122 1319 1125 —
1339 1107 1490 1133 constiterit
1508 1107 1607 1144 populo
1631 1109 1785 1145 praefuisse.
1811 1109 1860 1136 Th.
1881 1109 1912 1136 C.
1931 1108 1990 1136 XII.

1147 1152 1169 1177 l.
1189 1160 1210 1177 c.
1226 1151 1266 1176 74.
1286 1149 1308 1183 ς.
1323 1151 1347 1176 3.
1368 1148 1401 1175 de
1420 1149 1554 1177 decurion.
1570 1166 1602 1170 —
1621 1152 1653 1185 ξ.
1669 1153 1707 1179 4.
1730 1154 1792 1185 Qui
1811 1155 1844 1179 ιἰι
1863 1154 1991 1188 legione

1145 1195 1350 1220 conse-’tutus
1383 1198 1431 1218 ese
1462 1195 1524 1220 dux
1560 1195 1644 1220 certi
1678 1197 1802 1223 numeri
1828 1197 1990 1230 peditum,

1146 1237 1243 1273 (quive
1268 1234 1423 1262 cohortibus
1448 1235 1555 1271 vigilum
1580 1236 1729 1274 praefectus
1752 1238 1817 1271 cst.)
1860 1237 1903 1264 III.
1923 1239 1990 1265 Cn·

1147 1278 1259 1306 Tribuni
1279 1278 1399 1309 militum,
1420 1283 1445 1304 et
1464 1278 1589 1315 praefecti
1606 1279 1738 1312 classium,
1757 1280 1896 1307 alarumve.
1916 1279 1990 1307 Paul.

1147 1321 1177 1349 V.
1198 1324 1239 1348 26.
1263 1322 1284 1355 §.
1304 1323 1328 1348 2.
1369 1321 1500 1354 Tribuni,
1528 1321 1569 1349 vel
1594 1323 1612 1349 ii
1637 1324 1682 1360 qui
1706 1324 1833 1350 exercitui
1855 1328 1990 1361 praesunt.

1146 1365 1178 1393 t'r.
1200 1367 1238 1392 12,
1262 1365 1284 1398 §.
1303 1366 1328 1391 2.
1353 1363 1386 1391 de
1407 1364 1438 1391 R.
1458 1364 1492 1391 M.
1511 1366 1552 1392 49.
1575 1367 1613 1392 16.
1651 1365 1711 1392 Non
1734 1371 1835 1393 tantum
1860 1366 1990 1399 tribunus,

1147 1408 1189 1435 vel
1209 1408 1336 1440 centurio,
1355 1407 1403 1434 sed
1422 1408 1498 1434 eiiam
1518 1408 1681 1445 principalis.
1701 1408 1731 1436 l'r.
1751 1410 1788 1436 13.
1808 1409 1830 1443 ξ.
1850 1412 1874 1437 4.
1894 1409 1929 1436 ib.
1947 1411 1989 1436 49.

1150 1453 1188 1478 16.
1213 1451 1312 1484 Duces,
1332 1461 1378 1478 seu
1398 1450 1504 1477 tribuni.
1525 1450 1645 1480 Tribuni.
1659 1453 1716 1479 sive
1730 1454 1883 1490 praepositi.
1897 1452 1990 1480 Th.C.

1147 1494 1203 1521 Vll.
1224 1496 1246 1521 l.
1272 1505 1294 1521 c.
1315 1496 1355 1521 10.
1379 1494 1411 1521 cl'.
1436 1504 1457 1521 c.
1476 1496 1501 1522 2.
1526 1494 1559 1521 de
1581 1494 1612 1522 R.
1637 1495 1670 1522 Μ.
1691 1494 1746 1522 ΥΠ.
1765 1498 1789 1522 4.
1815 1506 1837 1522 c.
1859 1497 1881 1523 l.
1907 1506 1928 1523 c.
1947 1496 1990 1522 29.

1147 1538 1180 1565 dc
1203 1548 1272 1574 erog.
1296 1537 1349 1564 mil.
1370 1547 1428 1564 ann.
1450 1537 1503 1564 VII.
1524 1539 1565 1565 12.
1584 1548 1606 1565 c.
1628 1540 1651 1565 l.
1675 1538 1707 1565 de
1728 1543 1860 1566 commeat.
1898 1538 1928 1566 Si
1947 1538 1992 1565 tri-

1149 1581 1236 1608 bunus
1256 1582 1282 1607 in
1302 1580 1457 1607 cohortibus
1478 1582 1616 1618 praetoriis
1635 1577 1843 1618 permilitaverit.
1863 1580 1893 1608 fr.
1914 1583 1937 1608 9.
1958 1581 1992 1608 de

1147 1629 1262 1651 excusat.
1276 1625 1318 1650 27.
1334 1625 1356 1650 l.
1384 1622 1505 1655 Tribuni,
1521 1625 1666 1662 praepositi
1680 1624 1835 1651 cohortibus
1848 1623 1991 1661 (vigilum.)

1147 1667 1176 1695 fr.
1196 1669 1220 1694 3.
1241 1677 1280 1704 pr.
1300 1666 1333 1693 de
1352 1667 1395 1693 off.
1416 1666 1468 1693 Prt'.
1489 1666 1562 1703 Vigg.
1581 1669 1602 1694 1.
1621 1669 1660 1694 15.
1680 1677 1702 1694 c.
1722 1669 1745 1694 4.
1766 1667 1798 1694 de
1817 1667 1904 1705 adpar.
1924 1677 1990 1704 mag.

1146 1711 1200 1738 mil.
1222 1713 1261 1737 12.
1281 1711 1322 1736 55.
1346 1725 1378 1729 —
1405 1710 1436 1743 §0
1456 1711 1493 1737 5.
1518 1711 1713 1746 Praefectus
1737 1713 1923 1738 aulicarum
1941 1721 1990 1738 co-

1144 1756 1283 1789 piarum.
1326 1752 1369 1779 III.
1389 1754 1455 1781 Cn·
1481 1752 1616 1780 Tribunus
1640 1758 1666 1779 et
1688 1753 1812 1789 Magister
1834 1753 1990 1781 officiorum.

1148 1796 1197 1824 Th.
1218 1796 1249 1823 C.
1269 1795 1314 1823 XI.
1334 1797 1357 1822 9.
1378 1806 1400 1823 c.
1422 1798 1442 1822 1.
1463 1795 1496 1823 de
1514 1795 1589 1824 distr.
1609 1797 1679 1834 pign.
1699 1796 1825 1824 XV1.10.
1845 1807 1866 1824 c.
1889 1799 1910 1824 1.
1930 1797 1952 1832 §.
1968 1799 1989 1824 1.

1148 1840 1180 1867 de
1200 1850 1291 1878 pagan.
1310 1853 1344 1858 —
1364 1839 1395 1872 ᾖ.
1413 1840 1451 1875 6.
1479 1841 1541 1872 Qui
1559 1841 1591 1866 ιἰι
1609 1841 1718 1866 schola
1737 1842 1906 1874 palatina,
1926 1842 1991 1867 ali-

1148 1886 1214 1910 isve
1241 1884 1395 1914 numeris,
1423 1889 1544 1909 certum
1572 1884 1755 1917 dignitatie
1777 1885 1917 1918 gradum
1936 1885 1990 1910 ad-

262 1927 371 1958 culare.)
407 1927 449 1954 111.
471 1929 537 1955 οη.
557 1928 659 1955 ludices
679 1928 857 1965 quorumlibet
876 1927 1055 1959 tribunalium,
1072 1944 1101 1948 —
1125 1926 1126 1965 l
1148 1928 1281 1954 scendit.
1306 1925 1340 1952 ’11.
1353 1926 1420 1959 ⁰1)-
1440 1924 1583 1952 Scholares
1603 1926 1696 1957 nostri,
1718 1925 1837 1952 Comites
1857 1927 1942 1957 etiam,
1961 1935 1991 1953 ac

262 1970 417 1997 defensores
437 1970 614 1998 ecclesiarum.
644 1982 665 1998 c.
685 1973 726 1998 41.
751 1971 784 1998 de
809 1973 889 2009 episc.
909 1976 935 1997 et
954 1971 1015 1998 cler.
1037 1973 1059 1998 l.
1078 1973 1102 1998 3.
1125 1969 1127 2007 ¹1
1148 1969 1246 1996 tribuni
1265 1968 1400 1997 militares.
1415 1984 1447 1988 —
1467 1967 1572 1995 Caeteri
1592 1968 1689 1995 milites
1702 1969 1802 2000 armati,
1822 1968 1864 1995 vel
1883 1968 1990 2000 tribuni,

262 2013 360 2040 Intrare
379 2015 552 2050 competentis
572 2014 666 2040 iudicis
686 2014 807 2041 tribunal.
828 2025 849 2041 c.
869 2016 892 2041 6.
912 2014 945 2041 de
964 2025 1061 2041 emanc.
1079 2015 1102 2041 8.
1124 2020 1127 2041 ι
1148 2013 1192 2049 qui
1222 2021 1345 2038 numeros
1373 2016 1460 2048 agunt.
1494 2010 1561 2037 Nov.
1586 2010 1636 2038 Th.
1660 2010 1691 2038 11.
1721 2011 1754 2038 de
1781 2022 1829 2038 am.
1857 2011 1911 2039 mil.
1939 2011 1990 2038 fori

262 2058 303 2083 49.
341 2056 394 2092 Qui
413 2067 426 2082 a
446 2056 570 2083 tribunali
589 2057 670 2084 abest.
694 2057 723 2084 Γπ.
742 2060 784 2084 51.
803 2058 841 2092 §§.
861 2060 884 2084 4.
904 2067 945 2094 sq.
965 2057 997 2084 de
1016 2057 1102 2084 fideic.
1124 2051 1125 2064 ¹
1148 2065 1262 2093 praescr.
1282 2054 1300 2081 I.
1315 2056 1338 2080 9.
1359 2064 1380 2081 e.
1393 2056 1418 2080 3.
1438 2055 1459 2088 ς.
1475 2056 1498 2081 1.
1526 2054 1650 2083 III.C11.
1671 2054 1794 2081 Omnium
1814 2063 1989 2086 numerorum,

262 2099 326 2126 libb.
346 2102 386 2126 40.
405 2102 428 2125 5.
1124 2072 1126 2128 l
1147 2100 1204 2125 sive,
1223 2097 1429 2128 vexillationum.
1451 2102 1494 2123 aut
1514 2098 1590 2124 etiam
1605 2096 1755 2124 scholarum
1769 2097 1874 2125 tribuni.
1893 2096 1942 2124 Th.
1957 2096 1988 2124 C.

298 2143 544 2170 Tribunatum
581 2143 611 2175 ξ.
630 2144 665 2169 1.
686 2144 802 2170 Munna
820 2146 1025 2171 tribunorum
1046 2145 1103 2170 mi—
1147 2141 1201 2168 VH.
1221 2143 1245 2168 4.
1275 2151 1297 2167 c.
1316 2142 1358 2167 23.
1382 2140 1415 2167 de
1437 2150 1508 2176 erog.
1532 2139 1585 2166 mil.
1609 2150 1667 2166 ann.
1691 2140 1722 2167 cl'.
1743 2139 1786 2166 Vl.
1807 2142 1847 2166 13.
1871 2149 1893 2166 c.
1914 2141 1936 2166 1.
1956 2139 1989 2166 de

263 2187 422 2212 titurium.
459 2185 478 2211 1.
493 2187 554 2220 Sy.
574 2185 728 2222 Priusquam
748 2186 868 2212 tribunus
888 2185 998 2222 legionis
1018 2187 1102 2214 factus
1124 2205 1125 2228 Χ
1147 2185 1235 2211 comit.
1260 2188 1285 2209 et
1309 2183 1369 2210 trib.
1389 2182 1473 2210 schol.
1510 2183 1630 2220 Sequens
1655 2184 1843 2220 primicerium,
1867 2181 1989 2209 tribunus

264 2233 342 2255 esset.
361 2228 430 2254 Ante
450 2229 617 2255 tribunatum.
641 2228 671 2255 fr.
689 2231 731 2255 25.
752 2228 783 2255 de
802 2228 877 2255 milit.
897 2234 997 2256 testam.
1016 2232 1058 2256 29.
1080 2232 1102 2257 1.
1147 2238 1176 2254 ac
1197 2227 1321 2253 notarius.
1358 2225 1526 2252 Notariorum
1546 2226 1675 2252 tribunus.
1695 2225 1732 2252 lb·
1747 2224 1789 2251 Vl-
1811 2226 1849 2251 10.
1870 2235 1891 2251 c.
1910 2227 1934 2251 2.
1947 2234 1988 2262 sq.

263 2271 306 2298 111.
320 2273 386 2299 (311.
407 2270 538 2307 Legionis,
558 2271 599 2298 vel
614 2271 740 2302 cohortis,
760 2281 849 2308 gerere
863 2271 1032 2298 tribunatum.
1053 2272 1101 2299 Th.
1124 2303 1125 2306 Ἴ
1147 2270 1180 2297 de
1203 2270 1303 2307 primic.
1329 2273 1354 2295 et
1379 2274 1462 2296 notar.
1488 2269 1529 2296 Cf.
1550 2269 1567 2296 Ι.
1586 2271 1611 2296 3,
1636 2279 1657 2296 c.
1679 2270 1700 2294 l.
1726 2267 1758 2294 de
1782 2267 1867 2294 mand.
1892 2266 1933 2294 Pr.
1953 2282 1987 2287 —

263 2314 294 2342 C.
316 2314 370 2340 Vll.
390 2317 431 2341 20.
451 2325 472 2340 e.
497 2317 533 2340 to.
554 2314 586 2340 de
605 2320 719 2341 veteran.
740 2330 771 2334 —-
797 2315 828 2348 §.
849 2316 884 2341 2.
907 2316 1022 2341 Munus
1040 2317 1101 2341 tri·
1147 2314 1179 2346 §0
1201 2315 1234 2340 ἵ.
1255 2313 1451 2347 Praefectus
1471 2314 1612 2347 quilibet
1629 2317 1660 2338 et
1677 2317 1820 2338 curator.
1857 2309 1899 2338 111.
1919 2311 1987 2339 cn.

263 2360 338 2384 buni
362 2360 393 2384 in
418 2359 542 2384 militia
564 2359 734 2391 palatina,
761 2360 806 2389 (et
830 2358 855 2384 in
875 2358 1020 2384 ministerio
1040 2359 1103 2384 scri·
1124 2386 1125 2392 ἵ

263 2402 392 2432 nioruin.)
428 2400 470 2426 III.
491 2402 557 2428 Cn.
585 2399 694 2427 Minoris
719 2399 837 2427 laterculi
861 2400 1015 2435 dignitates,
1036 2400 1060 2427 h.
1081 2412 1102 2427 e..
1125 2427 1126 2430 ,

262 2445 460 2481 praepositurae
479 2453 578 2472 omnes.
599 2443 759 2471 tribunatus.
779 2448 803 2469 ct
824 2443 1007 2480 praefecturae.
1027 2443 1065 2471 Ib.
1084 2443 1102 2470 1.
1125 2458 1126 2463 =

263 2491 287 2513 8.
308 2497 328 2513 c.
342 2489 366 2512 2.
383 2486 487 2520 (ch.)
507 2486 539 2513 de
559 2486 601 2512 off.
616 2486 724 2521 Quaest.
755 2485 789 2511 Vt
807 2487 970 2523 primicerius
989 2486 1102 2523 quidem,
1125 2485 1126 2516 J

264 2534 325 2565 post
344 2534 479 2567 acceptum
498 2530 666 2560 tribunatum,
685 2529 753 2555 inter
772 2539 817 2554 eos
836 2529 962 2565 dignitate
979 2531 1103 2567 potiatur,

265 2573 308 2607 qui
328 2572 448 2599 ducatum
468 2582 543 2608 agere
561 2575 719 2598 meruerunt.
741 2570 777 2597 lb.
792 2570 834 2597 Vl.
848 2574 889 2598 24.
910 2583 931 2599 c.
948 2575 986 2599 11.
1007 2572 1039 2599 de
1058 2572 1103 2599 do-

266 2620 339 2640 mest.
359 2620 384 2641 et
403 2620 512 2652 protect,
551 2614 580 2641 Si
603 2614 763 2641 tribunatum
783 2624 949 2642 numerorum
968 2615 1104 2642 mereban-
1124 2589 1126 2640 l

266 2661 315 2683 tur.
339 2667 359 2682 c.
383 2660 420 2685 15.
445 2658 477 2684 de
501 2657 576 2684 milit.
602 2662 704 2684 testam.
723 2659 747 2684 6.
767 2659 809 2683 21.
835 2657 866 2684 cs.
893 2668 914 2684 c.
933 2660 957 2685 9.
978 2658 1010 2685 de
1030 2658 1104 2685 inoff.

267 2704 367 2726 testam.
388 2702 411 2726 3.
431 2703 472 2727 28.

301 2742 555 2771 Tribunicius.
592 2743 730 2775 (Adiect.)
768 2745 814 2769 ,411
843 2745 1005 2770 tribunum
1033 2754 1101 2778 spe-

266 2792 364 2812 ctans.
401 2784 519 2813 111.Gn.
540 2787 645 2813 Exactis
660 2785 754 2812 deinde
768 2785 872 2822 regibus
886 2785 941 2822 lege
955 2786 1101 2813 tribunicia.
1123 2777 1124 2801 l

268 2828 296 2855 t'r.
315 2830 338 2854 2.
359 2828 380 2862 §.
399 2830 423 2855 3.
443 2827 475 2854 de
494 2828 527 2855 O.
547 2829 564 2855 1.
586 2831 607 2856 1.
627 2832 652 2856 2.
691 2830 720 2856 Si
744 2830 850 2856 maritus
874 2839 922 2866 pro
945 2828 1054 2856 muliere
1072 2839 1102 2856 se
1122 2847 1125 2889 ἰ

1148 2355 1221 2383 Trib.
1242 2355 1414 2392 voluptatum.
1436 2355 1471 2382 lb.
1485 2354 1544 2382 XV.
1559 2357 1581 2382 7.
1602 2364 1623 2381 c.
1639 2355 1678 2380 13.
1697 2353 1802 2386 (inser.)
1822 2352 1854 2379 de
1872 2355 1985 2380 scaenic.

1182 2399 1332 2425 Tribus.
1369 2398 1401 2432 δ.
1422 2399 1455 2426 l.
1483 2399 1640 2433 singulus
1663 2399 1738 2423 ordo
1762 2407 1798 2422 ex
1822 2398 1884 2423 illa
1900 2398 1986 2423 div-'-

1147 2443 1235 2468 niune
1253 2443 1369 2475 populi
1389 2443 1432 2471 R..
1457 2442 1569 2468 Servii
1590 2440 1696 2466 Tullii
1714 2441 1802 2474 regis
1821 2441 1986 2473 auspicii·

1146 2487 1343 2515 constituta,
1364 2485 1447 2520 (quae
1467 2488 1492 2509 et
1515 2492 1573 2509 rura
1598 2481 1731 2513 colentes,
1757 2486 1783 2508 et
1807 2482 1896 2508 urbem
1915 2481 1987 2508 habi-

1148 2532 1232 2553 tantes
1252 2528 1323 2554 cives
1343 2525 1586 2563 complectebatur.)
1622 2524 1664 2551 111.
1685 2526 1751 2552 Cn.
1772 2524 1845 2551 Dicti
1864 2523 1985 2556 Tribuni,

1148 2570 1218 2606 quod
1242 2569 1304 2597 olim
1327 2570 1353 2596 in
1377 2569 1411 2596 111
1434 2573 1521 2605 partes
1541 2567 1654 2605 populus
1678 2567 1779 2594 divisus
1804 2572 1871 2598 erat,
1892 2583 1923 2587 -
1942 2567 1986 2594 vcl

1147 2615 1206 2650 quia
1228 2613 1343 2640 tribuum
1362 2611 1486 2646 suffragio
1511 2610 1673 2637 creabantur.
1700 2610 1729 2637 sr.
1748 2612 1773 2637 2.
1797 2611 1819 2644 ξ.
1838 2612 1879 2637 20.
1899 2609 1932 2636 dc
1950 2610 1984 2637 Ο.

1147 2655 1164 2682 1.
1187 2658 1208 2682 1.
1227 2659 1252 2683 2.
1290 2656 1406 2682 censum
1431 2658 1540 2690 agunto,
1569 2663 1712 2690 eorumque
1737 2654 1852 2685 nomina,
1876 2663 1985 2691 praeno-

1145 2700 1222 2729 mina,
1241 2704 1339 2736 patres,
1358 2702 1402 2724 aut
1420 2702 1555 2734 patronos,
1577 2696 1670 2728 tribus,
1690 2697 1843 2731 cognomina
1858 2713 1887 2717 —
1903 2696 1934 2722 ab
1951 2697 1984 2722 iis

1123 2734 1125 2764 ἶ
1145 2742 1237 2769 iuratis
1257 2741 1377 2778 accipito.
1398 2739 1461 2766 Tab.
1482 2739 1584 2767 Hei-acl.
1605 2741 1714 2776 71.sqq.
1727 2748 1777 2765 aer.
1790 2738 1870 2776 Neap.
1881 2738 1911 2766 L.
1923 2738 1983 2765 Ser-

1146 2784 1188 2811 vil.
1203 2794 1224 2811 c.
1235 2785 1258 2810 6.
1270 2794 1308 2821 sq.
1322 2799 1354 2803 —
1374 2784 1404 2817 ξ.
1416 2785 1451 2811 Ε.
1471 2785 1573 2810 Locus
1592 2784 1622 2809 in
1637 2784 1694 2809 illo
1708 2784 1832 2814 ordine,
1844 2783 1932 2816 (etius
1944 2791 1982 2807 ca-

1146 2826 1234 2865 piendi
1248 2837 1285 2858 ea,
1296 2836 1362 2863 quae
1372 2827 1494 2864 personis
1506 2825 1623 2853 eiusdem
1635 2825 1735 2852 ordinis
1749 2824 1824 2851 titulo
1836 2823 1980 2861 largitionis
