2197 3121
257 182 318 212 190

256 263 298 290 lll.
314 264 379 291 (η.
408 261 460 294 Ne,
481 263 503 288 si
522 260 612 288 multis
632 262 731 298 passim
751 261 801 288 hoc
820 260 906 293 liceat,
927 259 1047 287 confusio
1061 269 1102 296 ge-

257 311 372 333 nen-tur.
402 305 452 331 Th.
474 305 504 331 C.
526 304 570 331 IX.
591 307 631 330 45.
653 314 673 330 c.
695 305 718 330 4.
738 304 760 338 3.
779 305 804 330 3.
824 303 857 330 dc
876 303 902 331 h.
923 314 965 341 qu.
986 303 1018 330 ad
1038 302 1101 329 eccl.

257 349 298 375 Ne
317 365 349 368 —
370 348 421 374 sibi
441 348 552 373 invicem
572 348 676 384 possint
690 346 854 384 obstrepere,
874 363 906 367 —
926 357 992 373 neve
1006 346 1103 382 lingua-

257 402 314 419 rum
334 391 454 417 confusio
474 391 616 427 permixta,
640 389 683 416 vel
706 399 814 419 vocum.
843 400 918 416 aures
939 388 1102 426 quorundam

258 451 290 455 —
311 439 418 460 avertat.
448 433 485 460 lb.
499 432 570 459 XIV.
585 434 609 459 9.
624 443 645 459 e.
658 434 683 459 3.
703 432 736 459 de
755 432 825 459 stud.
839 432 940 459 liberal.
955 431 1012 458 urb.
1026 430 1101 458 Rom.

258 478 370 505 Omnem
391 476 567 512 ambiguitatis
587 475 769 502 confusionem
795 480 973 513 amputantes,
994 490 1026 494 —
1047 483 1104 500 san-

259 522 349 547 cimus.
377 530 398 546 c.
418 521 442 546 4.
463 519 494 545 de
515 519 576 545 bon.
596 523 704 545 matern.
724 520 748 545 6.
768 520 810 545 60.

295 564 492 590 Confusus.
522 561 635 595 (Partic.
668 560 710 588 Cf.
730 572 754 588 v.
775 560 972 594 confundere.)
1015 562 1104 587 Com-
1125 568 1126 571 ’

259 608 395 637 misens,
416 607 632 632 Indiscretns.
670 604 790 632 mon.
811 604 839 630 Si
860 604 932 640 quid,
953 603 1024 640 quod
1038 604 1106 629 eius-

258 649 317 675 dem
338 653 444 674 naturae
464 652 517 680 est,
542 649 577 674 ita
603 647 742 673 confusum
768 652 809 673 est
828 652 907 683 atque
927 648 1104 677 commixtum,

259 697 287 718 ut
307 691 401 717 deduci
423 695 448 716 et
467 691 584 727 separari
604 700 656 716 non
675 691 770 727 possit.
796 690 826 716 sr.
846 691 871 716 3.
891 690 913 724 3.
933 692 957 716 2.
977 689 1008 716 fr.
1028 691 1052 716 4.
1073 689 1104 715 sr.

259 737 284 760 5.
304 735 325 768 3.
348 736 370 760 l.
402 733 434 760 de
457 732 489 760 R.
515 732 546 760 V.
571 735 594 760 6.
617 735 639 760 l.
681 733 762 769 Quod
785 734 827 760 ius
852 743 937 770 usque
960 732 993 759 ad
1015 736 1106 758 nostra
1126 737 1127 744 ¹

260 783 378 814 tempora
397 777 462 802 satis
482 776 624 803 obscurum
644 781 723 812 atque
743 775 813 802 nube
835 775 958 813 plenum,
983 780 1009 802 et
1032 774 1107 802 undi-

260 830 311 856 que
332 818 471 846 confusum
491 819 582 846 fuerat.
612 820 633 853 3.
650 821 690 845 10.
710 818 727 845 1.
749 818 782 845 (18
801 819 870 855 grad.
892 828 966 855 cogn.
985 820 1009 845 3.
1029 819 1053 844 6.
1073 818 1105 845 cf.
1127 823 1129 828 ’

260 863 380 890 Prooem.
400 861 419 888 1.
438 862 461 896 3.
481 865 504 888 ¹2.
543 863 619 898 Quos
644 861 722 899 plebe
747 862 855 889 confusa
879 862 973 898 vulgus
997 861 1107 888 abscon-

261 907 307 933 dit.
338 905 387 932 Tb.
404 904 435 931 C.
456 904 523 931 VIII.
545 907 567 931 1.
588 915 610 931 e.
630 908 654 931 8.
675 904 708 931 (18
727 915 855 932 numerar.

299 949 520 976 Consulare-
559 950 776 980 Convincere,
800 950 998 975 Probatione
1016 958 1107 982 eupe-

260 1002 343 1019 rare.
382 990 423 1017 ul.
451 992 516 1018 Gn.
551 990 580 1017 Si
606 991 665 1027 quis
691 996 842 1018 exactorum
866 992 893 1017 in
912 991 1108 1028 superexactio-

261 1036 301 1061 nis
322 1035 431 1061 crimine
450 1034 529 1060 suerit
547 1034 706 1061 confutatus.
731 1034 768 1060 lb.
782 1034 827 1060 XI.
847 1038 871 1060 8.
892 1044 913 1060 c.
929 1036 951 1060 1.
972 1033 1004 1060 de
1017 1043 1108 1071 super-

261 1079 392 1105 exaction.
431 1076 622 1110 Confwantur,
647 1082 688 1109 ut,
709 1087 776 1113 quae
794 1087 932 1114 perperam
950 1093 983 1096 —
1002 1082 1108 1103 notave-

261 1122 302 1149 rit.
325 1119 482 1147 confutetur.
511 1120 549 1147 Ib.
568 1120 613 1147 XI.
633 1122 675 1147 25.
696 1130 717 1146 c.
739 1122 761 1146 1.
783 1119 816 1146 de
835 1119 962 1156 quadrini.
983 1119 1084 1148 brcvib,

299 1164 604 1198 Congemiscere.
658 1164 873 1195 Lartzmztari,
916 1164 1106 1197 Deplorare.

262 1206 280 1233 1.
301 1208 363 1241 Sy.
400 1206 516 1233 Dessere.
544 1206 581 1233 lb.
601 1206 657 1233 VII.
679 1207 718 1233 18.
745 1216 768 1233 e.
788 1207 827 1232 16.
853 1205 885 1232 de
904 1205 1032 1232 desertor.
1061 1205 1106 1233 XI.

259 1252 301 1277 25.
322 1260 343 1276 c.
364 1251 387 1276 1.
404 1249 423 1275 1.

297 1294 526 1327 congerere·
563 1293 594 1326 §.
615 1293 649 1319 1·
685 1294 902 1325 Coacervare,
932 1294 1106 1328 Colligere.

262 1337 280 1363 1.
300 1338 362 1370 Sy.
390 1335 550 1372 Adportare.
580 1336 610 1361 l'r.
626 1337 649 1361 4.
670 1334 700 1361 fr.
714 1337 738 1361 5.
758 1345 798 1372 pr.
818 1336 878 1369 3.1.
899 1335 932 1362 de
950 1336 1007 1362 itin.
1020 1340 1106 1372 actuq.

261 1380 328 1417 priv.
348 1380 390 1405 43.
407 1380 448 1405 19.
485 1378 527 1404 111.
548 1380 614 1406 Cn.
639 1378 669 1404 Si
689 1388 738 1415 qua
759 1378 881 1405 consulto
901 1379 928 1405 in
946 1378 1028 1405 fundo
1048 1388 1108 1405 con·

262 1427 350 1459 gesta.
371 1426 538 1448 contractave
557 1426 633 1453 sunt.
658 1431 710 1458 quo
730 1421 843 1457 legatum
863 1421 1047 1448 cumularetur.
1076 1421 1108 1448 fr.

264 1468 304 1492 18.
324 1466 345 1499 3.
368 1467 407 1490 12.
435 1465 466 1491 cl'.
487 1464 517 1490 l‘r.
539 1466 578 1490 12.
598 1465 620 1498 3.
640 1467 681 1491 29.
702 1464 734 1491 de
753 1465 829 1491 instr.
849 1464 898 1501 leg.
922 1467 963 1492 33.
984 1467 1008 1492 7.
1046 1464 1110 1491 Ter-

262 1518 318 1535 ram
338 1509 364 1534 in
384 1518 439 1534 eam
459 1517 544 1533 aream
564 1507 690 1545 a111pliuS‚
711 1518 788 1544 quam
806 1507 975 1535 fundamenta
994 1518 1110 1535 caemen-

263 1553 320 1578 titia
340 1551 464 1577 locatoris
485 1555 567 1582 erant,
587 1552 728 1587 congessit.
753 1550 783 1577 fr.
803 1553 845 1578 57.
864 1551 942 1578 locat.
964 1552 1004 1578 19.
1023 1553 1048 1577 2.
1079 1550 1110 1577 Si

264 1594 327 1631 quid
347 1594 389 1620 vel
408 1594 582 1631 parsimonia,
601 1594 645 1620 vel
664 1594 832 1631 provisione,
850 1594 893 1621 ve]
912 1599 1058 1621 mercatura
1076 1610 1110 1614 —-

264 1638 453 1674 congesserint.
483 1636 532 1663 Th.
548 1636 579 1664 C.
592 1637 664 1664 XVI.
683 1639 708 1663 2.
728 1647 749 1663 c.
771 1638 811 1663 14.
831 1647 871 1674 pr.
891 1636 923 1663 de
943 1638 1024 1674 episc.
1045 1636 1109 1663 eccl.

264 1696 296 1700 —-
317 1681 347 1714 §-
369 1681 404 1707 2.
435 1681 720 1714 Comprehendere,
745 1682 899 1707 Inserere.
941 1680 959 1707 1.
980 1682 1042 1715 Sy.
1070 1679 1110 1706 In-

264 1733 364 1760 gerere,
385 1722 538 1760 Suggerere.
568 1723 605 1749 Ib.
625 1722 670 1749 XI.
689 1725 731 1749 30.
752 1733 773 1750 c.
795 1725 835 1750 ll.
856 1723 889 1750 de
908 1733 967 1760 app.
988 1728 1015 1750 et
1032 1733 1110 1761 poen.

267 1782 299 1786 —-
327 1767 358 1800 §.
383 1767 421 1793 3.
450 1768 594 1803 Inferre,
618 1769 810 1794 Procurare.
847 1766 890 1792 III.
918 1768 984 1794 Gn.
1016 1766 1110 1793 Fiscus

267 1811 323 1836 eius
346 1809 483 1846 praedium
506 1809 650 1839 obtinebit.
679 1811 754 1836 cuius
782 1808 938 1845 negligentia
966 1810 1111 1847 perniciem

265 1852 363 1879 formae
383 1854 553 1889 congesserit.
582 1852 619 1879 lb.
639 1852 698 1880 XV.
717 1856 741 1879 2.
763 1863 784 1879 c.
805 1854 828 1878 l.
848 1852 881 1879 de
900 1852 1009 1889 aquaed.

302 1896 514 1930 Congestio.
551 1898 724 1931 Adgeslio,
750 1898 935 1931 Congeries.
976 1895 1020 1922 III.
1042 1896 1109 1923 (711.

266 1938 409 1976 Sepulchri
429 1940 516 1964 ruinas
537 1943 621 1965 terrae
641 1940 811 1975 congestione
831 1938 923 1965 celare.
953 1938 989 1965 lb.
1005 1938 1049 1965 IX.
1072 1940 1111 1965 17.

267 1992 288 2009 c.
308 1984 332 2008 2.
353 1992 392 2019 pr.
413 1981 445 2008 de
464 1981 564 2018 sepulc.
585 1981 647 2008 viol.
690 1982 799 2008 Terram
822 1982 849 2008 in
873 1991 929 2007 eam
948 1991 1033 2007 aream
1052 1991 1112 2008 con-

266 2026 357 2061 gessit.
382 2041 415 2044 —
442 2035 474 2051 ex
494 2024 580 2051 locato
601 2025 781 2051 tantummodo
800 2025 929 2051 actionem
954 2034 1025 2053 esse.
1052 2025 1112 2061 quia

268 2078 319 2093 non
340 2069 397 2105 ipsa
415 2069 559 2103 congestio.
579 2068 627 2094 sed
641 2067 735 2094 humor
747 2079 779 2095 ex
794 2079 822 2094 ea
837 2069 1007 2104 congestione
1019 2072 1112 2104 postea
1135 2081 1136 2096 i

268 2110 362 2137 damno
382 2111 469 2138 suerit.
501 2111 533 2137 fr.
553 2113 594 2138 57.
614 2111 691 2138 locat.
714 2113 752 2138 19.
772 2114 796 2138 2.
1135 2128 1136 2140 i

305 2154 562 2187 Congiarium.
616 2156 691 2187 l'as,
725 2158 806 2190 quod
833 2156 986 2190 congium
1014 2156 1112 2189 capit.
1135 2145 1136 2153 ¹

270 2196 312 2223 111.
335 2198 400 2224 (Ἤ.
430 2197 464 2223 Yt
485 2198 607 2224 taberna·-
627 2201 676 2230 (sc.
692 2199 864 2224 instrumenta
878 2199 962 2230 sintz)
982 2214 1015 2217 —
1034 2207 1114 2224 urnae

270 2250 372 2271 aereae,
393 2246 416 2265 et
438 2243 581 2277 congiaria.
602 2242 723 2269 sextaria.
744 2246 769 2267 et
789 2241 891 2267 similia.
917 2241 946 2267 fr.
964 2242 1003 2267 13.
1023 2250 1062 2277 pr.
1082 2240 1114 2266 de

271 2286 345 2310 instr.
367 2284 415 2319 leg.
436 2286 478 2309 33.
499 2286 521 2310 7.

308 2327 624 2360 Conglomeratio.
657 2330 790 2360 Globus,
812 2329 960 2354 Caterva.
990 2327 1032 2353 111.
1048 2328 1114 2355 Cn.

271 2370 364 2395 Donec
385 2385 416 2388 —
445 2368 599 2396 decrescere
624 2373 710 2407 possit
734 2373 814 2398 vetita
839 2370 1057 2407 conglomeratio.
1080 2369 1116 2396 le-
1137 2375 1138 2380 ¹

272 2413 431 2448 gitimusque
450 2412 563 2438 resideat
584 2423 714 2440 numerus
747 2425 768 2441 c.
791 2416 829 2440 13.
849 2414 870 2448 3.
894 2416 915 2440 1.
940 2413 972 2440 de
991 2424 1067 2451 prox.
1087 2414 1114 2440 S.

271 2457 350 2482 scrin.
373 2457 412 2481 12.
434 2456 473 2481 19.

310 2498 595 2532 Com-glutinare.
634 2499 664 2531 ξ.
684 2501 717 2525 1.
749 2502 883 2526 Glutine
902 2502 1115 2534 compingere.

275 2540 316 2566 Ill.
341 2542 406 2568 (ἠ.
436 2540 578 2578 Perscripti
599 2541 673 2568 libri.
694 2541 809 2568 nondum
829 2542 942 2569 malli-nti
962 2542 1003 2569 vel
1024 2543 1117 2571 ornati.

276 2599 306 2602 —
329 2583 440 2620 proinde
461 2589 486 2610 ct
505 2584 620 2611 nondum
646 2584 831 2620 conglutinati,
856 2585 898 2612 vel
922 2585 1064 2615 emendati.
1085 2601 1117 2604 —

276 2631 300 2651 vt
320 2627 485 2653 nic-mbranne
505 2627 622 2653 nondum
641 2632 775 2653 consutae.
796 2628 825 2653 l‘r.
844 2630 884 2654 52.
905 2629 926 2662 3.
946 2631 970 2655 5.
991 2628 1023 2655 dv
1043 2628 1118 2664 legat.

277 2668 318 2695 111.
341 2670 409 2701 (32.)
430 2686 461 2689 —
482 2671 512 2703 §.
528 2672 563 2697 ².
586 2672 786 2707 Artificiose
805 2681 1002 2704 cormponere.
1023 2682 1044 2697 v.
1059 2674 1119 2697 rol-

275 2714 392 2745 ligrre.
430 2712 472 2738 III.
493 2714 560 2741 (Ἢ.
591 2712 626 2739 Yt
651 2713 753 2739 fortuna
779 2713 868 2739 iudicii
893 2719 1042 2749 argumenta
1061 2724 1121 2740 cou-

278 2754 399 2791 glutinet.
421 2765 530 2790 quorum
550 2756 722 2783 similitudine.
742 2757 905 2793 opprimatur
919 2766 988 2788 reus,
1008 2758 1051 2793 qui
1069 2767 1120 2783 non

1135 2098 1136 2102 ’
1158 2097 1202 2123 ΙΧ.
1222 2098 1246 2122 2.

1136 2307 1138 2313 χ
1159 2276 1305 2314 respondit.
1334 2275 1406 2302 Paul.
1425 2275 1456 2301 ΙΙ.
1475 2277 1499 2302 3.
1524 2276 1546 2309 3.
1567 2277 1589 2301 1.

1142 2729 1143 2736 κ
1166 2717 1188 2740 4.
1211 2715 1230 2740 ἦ.
1252 2716 1274 2740 7.

1143 2772 1144 2797 i
1166 2726 1223 2783 ndvs.
1244 2756 1331 2783 donat.
1351 2758 1375 2782 2.
1395 2757 1436 2781 30.
1474 2755 1541 2782 Esse
1561 2765 1717 2792 congruens.
1737 2760 1764 2781 ut
1784 2760 1832 2781 etc.
1861 2753 1891 2780 fr.
1905 2756 1928 2780 4.
1943 2754 1965 2788 3.
1978 2755 2002 2780 3.

1069 177 1173 210 CON.

1182 260 1384 295 Congu-edi.
1433 263 1595 289 Adversus
1631 264 1771 298 aliquem
1805 267 1988 292 comistere

1147 305 1281 330 iudicio.
1319 302 1337 329 1.
1353 304 1415 338 Sy-
1446 304 1597 332 Convenire
1618 304 1740 342 aliquem.
1778 305 1911 344 Congredi
1931 318 1989 335 cum

1148 356 1186 372 co.
1214 356 1236 372 c.
1256 348 1280 372 5.
1301 356 1323 372 c.
1343 347 1368 372 8.
1389 356 1410 373 c.
1432 348 1472 374 14.
1492 347 1578 374 mand.
1599 350 1622 375 4.
1642 351 1684 375 35.
1705 359 1726 375 c.
1748 351 1770 376 l.
1790 358 1831 387 sq.
1851 350 1883 377 de
1901 351 1988 378 Aedil.

1148 394 1196 416 act.
1217 390 1240 415 4.
1261 389 1302 415 58.
1339 388 1382 416 ΠΙ.
1404 390 1470 417 (In.
1503 389 1540 417 Vt
1563 392 1691 418 maturius
1715 393 1822 428 possint
1845 393 1990 421 creditores

1148 433 1224 464 scire,
1244 436 1330 458 utrum
1350 432 1470 465 habeant,
1491 443 1549 460 cum
1568 444 1620 470 quo
1641 434 1850 471 congrediantur.
1870 435 1901 462 fr.
1914 438 1935 463 l.
1948 446 1988 473 pr.

1148 476 1180 502 de
1199 485 1270 502 suec.
1285 475 1363 502 edict.
1382 477 1424 502 38.
1439 477 1463 502 9.
1500 475 1529 502 111
1549 477 1771 510 accusationibus,
1791 480 1835 515 qui
1855 480 1990 515 congressi

1149 518 1246 545 iudicio
1266 528 1319 545 non
1337 523 1399 545 sunt
1419 524 1468 545 etc.
1494 529 1515 545 c.
1534 521 1559 546 3.
1579 520 1660 556 Quib.
1680 530 1723 547 res
1743 521 1795 548 iud.
1817 524 1840 548 7.
1860 523 1902 549 56.

1186 573 1440 608 congregare.
1478 574 1510 608 ἕ.
1533 574 1567 601 l.
1597 576 1780 611 Colligere,
1805 578 1933 613 Cogere.
1971 576 1990 603 I.

1125 637 1126 641 ,
1149 617 1211 651 Sy.
1247 615 1378 652 Redigere
1398 618 1441 650 (in
1461 617 1566 650 unum).
1601 627 1622 644 c.
1641 619 1683 644 22.
1704 629 1743 656 pr.
1771 620 1854 653 3.15.
1880 619 1912 646 de
1935 621 1991 646 iure

1150 659 1258 686 deliber.
1284 660 1307 685 6.
1326 661 1368 686 ’30.
1414 659 1456 686 ΠΙ.
1481 661 1548 688 Cn.
1583 659 1612 687 Si
1633 662 1691 697 quis
1711 660 1825 699 aliquem
1845 662 1939 689 deiecit
1959 673 1991 690 cx

1150 712 1210 739 agro
1231 712 1292 734 suo,
1312 702 1464 730 hominibus
1485 704 1648 740 congregatis
1667 705 1725 731 sine
1744 706 1831 731 armis.
1861 704 1891 731 sr.
1911 707 1935 732 5.
1959 705 1992 732 ad

1150 745 1179 772 L.
1199 745 1247 772 Iul.
1271 744 1304 772 de
1327 747 1353 772 vi
1377 747 1445 783 priv.
1470 747 1512 772 48.
1533 748 1556 772 7.
1599 746 1713 782 Quidam
1737 764 1769 767 —
1794 758 1852 775 cum
1872 748 1992 775 coetibus

1150 794 1331 816 monazontwn
1355 794 1554 826 congregantur.
1587 788 1639 816 Th.
1662 788 1693 816 C.
1716 790 1774 817 XII.
1800 793 1822 818 1.
1849 801 1870 818 c.
1890 792 1931 818 63.
1961 790 1995 818 de

1151 833 1284 860 decurion.
1322 831 1461 869 Quidquid
1474 832 1505 858 ab
1525 842 1615 858 eorum
1634 833 1850 870 procuratoribus
1870 844 1902 861 ex
1921 844 1994 871 prae-

1151 876 1254 903 diorum
1278 875 1408 902 fructibus
1432 880 1616 912 congregatum
1641 880 1689 902 est.
1717 875 1755 902 Ib.
1774 875 1820 903 ΙΧ.
1843 878 1885 904 42.
1910 887 1931 904 c.
1951 879 1993 904 20.

1128 937 1129 945 1
1152 919 1184 946 (18
1202 919 1264 946 bon.
1284 929 1386 956 proscr.
1422 917 1520 944 Debita
1541 918 1589 952 (a)
1609 919 1811 956 susceptoribus
1831 936 1862 939 —
1888 930 1995 957 congre-

1152 968 1216 1000 gata.
1246 962 1284 988 lb.
1303 961 1350 988 XI.
1368 962 1410 987 28.
1436 971 1457 987 c.
1480 962 1519 987 17.
1545 960 1577 987 de
1601 961 1700 998 indulg.
1721 961 1833 989 debitor.
1870 963 1995 1000 Vndique

1153 1008 1178 1033 in
1197 1005 1312 1033 medium
1331 1014 1489 1041 congregare
1507 1004 1633 1038 (omnes).
1659 1004 1697 1031 lb.
1712 1004 1728 1031 l.
1743 1005 1760 1032 l.
1781 1015 1802 1032 c.
1816 1007 1841 1032 3.
1872 1006 1901 1033 In
1915 1016 1995 1033 unum

1152 1059 1240 1086 congr.
1261 1059 1282 1075 c.
1301 1049 1343 1074 37.
1363 1047 1385 1082 3.
1405 1049 1429 1074 2.
1451 1046 1483 1073 de
1502 1047 1574 1074 inoff.
1593 1052 1696 1074 testam.
1715 1049 1739 1074 3.
1758 1050 1800 1075 28.
1822 1059 1843 1075 c.
1863 1051 1887 1076 4.
1907 1048 1940 1076 (18
1952 1059 1996 1076 ne-

1153 1102 1219 1119 cess.
1245 1101 1313 1118 serv.
1337 1090 1426 1117 hered.
1450 1091 1474 1116 6.
1494 1091 1536 1116 27.
1569 1106 1601 1110 —
1632 1090 1663 1124 §.
1689 1092 1725 1118 Β.
1759 1093 1995 1124 Adnumerare,

1154 1137 1317 1162 Addit-ere.
1366 1133 1385 1160 I.
1414 1134 1476 1168 Sy.
1509 1132 1666 1170 Adgregare.
1704 1132 1746 1160 Cf.
1769 1133 1795 1161 h.
1819 1144 1844 1161 v.
1874 1134 1996 1167 Sociare,

1152 1178 1274 1215 Iungere,
1293 1175 1415 1209 Nectere,
1435 1175 1553 1203 Tradere
1571 1177 1684 1210 (curiae,
1703 1187 1728 1203 v.
1748 1177 1861 1211 coetui).
1893 1176 1943 1204 Th.
1965 1176 1997 1204 C.

1152 1220 1197 1247 VI.
1216 1222 1258 1247 30.
1284 1230 1305 1246 c.
1327 1221 1365 1246 15.
1386 1229 1426 1257 pr.
1451 1220 1473 1253 3.
1495 1221 1517 1246 1.
1544 1218 1576 1246 de
1598 1219 1677 1257 palat.
1697 1219 1725 1246 S.
1745 1219 1824 1257 largg.
1848 1219 1906 1247 XII.
1931 1221 1954 1247 l.
1975 1230 1996 1247 e.

1154 1266 1210 1290 105.
1231 1263 1264 1290 de
1283 1262 1417 1290 decurion.

1189 1313 1454 1349 Congregatio.
1483 1314 1514 1348 §.
1533 1314 1568 1340 1.
1599 1314 1768 1341 collectio.
1805 1313 1824 1341 I.
1839 1315 1901 1350 Sy.
1921 1314 1998 1342 Com-

1153 1360 1260 1397 positio.
1291 1369 1312 1384 c.
1332 1359 1356 1383 2.
1380 1356 1418 1391 33.
1437 1359 1462 1383 4.
1483 1366 1522 1393 sq.
1551 1355 1583 1382 de
1602 1360 1653 1382 vet.
1674 1357 1731 1383 iure
1750 1357 1834 1384 enucl.
1856 1359 1879 1384 l.
1900 1359 1940 1384 17.
1965 1373 1998 1377 —

1154 1404 1184 1436 ξ.
1203 1404 1239 1429 2.
1269 1401 1462 1428 Concilium.
1500 1398 1518 1425 Ι.
1538 1400 1600 1434 Sy·
1631 1398 1741 1432 Coetus.
1762 1400 1926 1428 Conventus.
1956 1400 1998 1428 Cf.

1153 1457 1177 1472 v.
1198 1445 1307 1472 Coetus.
1327 1444 1392 1478 3.1.
1428 1442 1471 1469 ΙΙΙ.
1487 1443 1553 1470 011.
1582 1442 1611 1469 Si
1631 1453 1690 1480 qua,
1710 1448 1753 1470 aut
1772 1454 1822 1481 per
1839 1443 1934 1480 fugam,
1954 1448 1999 1470 aut

1154 1499 1201 1527 per
1220 1487 1448 1524 congregationem
1473 1484 1617 1512 infelicium
1640 1486 1814 1523 popfflorum,
1837 1486 1944 1523 indigne
1962 1487 2000 1513 in·

1154 1531 1310 1567 vidIoseque
1331 1530 1470 1560 commissa
1489 1533 1559 1555 sunt.
1589 1528 1639 1555 Th.
1660 1528 1690 1556 C.
1710 1528 1769 1556 XV.
1790 1530 1831 1556 14.
1856 1539 1878 1556 c.
1899 1530 1939 1555 14.
1967 1528 1999 1556 de

1154 1575 1248 1601 infirm.
1269 1573 1293 1600 h.
1315 1583 1357 1610 qu.
1382 1583 1403 1599 s.
1424 1577 1474 1609 tyr.
1518 1571 1733 1608 Colligendarum
1760 1573 1999 1609 congregationum,

1154 1617 1196 1644 vel
1215 1618 1242 1644 in
1261 1615 1376 1654 publicis
1395 1615 1438 1642 vel
1457 1616 1484 1642 in
1502 1615 1612 1652 privatis
1633 1615 1768 1648 ecclesiis,
1796 1619 1901 1642 careant
1920 1614 2000 1642 sacul-

1154 1665 1214 1686 tate.
1241 1659 1278 1686 Ib.
1298 1658 1368 1685 XVI.
1388 1661 1412 1685 5.
1433 1668 1454 1685 c.
1476 1659 1516 1684 14.
1536 1657 1569 1684 de
1587 1657 1711 1685 haeretic.

1190 1711 1433 1744 congressus.
1454 1708 1572 1743 (Subst.)
1601 1710 1631 1743 §.
1651 1710 1686 1736 l.
1708 1711 1903 1742 Conventus,
1924 1710 2001 1737 Con-

1158 1755 1307 1781 versatio.
1346 1752 1364 1779 I.
1384 1753 1446 1786 Sy.
1471 1752 1651 1778 Consortium.
1680 1751 1718 1779 lb.
1738 1752 1784 1779 IX.
1805 1763 1826 1779 c.
1844 1755 1865 1779 1.
1885 1753 1923 1788 33.
1939 1754 1962 1779 l.
1975 1754 2000 1780 6.

1132 1798 1133 1804 ¹
1156 1797 1188 1824 de
1206 1795 1268 1823 mul.
1290 1805 1332 1832 qu.
1353 1805 1381 1822 se
1400 1805 1469 1821 serv.
1507 1794 1550 1822 Ill.
1568 1796 1634 1822 Cu.
1654 1795 1696 1822 Ab
1710 1795 1834 1822 omnibus
1847 1795 1915 1823 locis
1929 1795 2002 1823 iube-

1155 1850 1212 1866 mus
1226 1838 1348 1866 inhiberi.
1368 1849 1382 1864 a
1394 1838 1532 1864 moenibus
1549 1838 1661 1870 urbium,
1681 1849 1694 1864 a
1714 1848 1858 1875 congressu
1877 1838 2001 1866 honesto-

1156 1893 1221 1914 rum,
1242 1893 1255 1908 a
1269 1881 1452 1908 communione
1466 1886 1624 1908 sanctorum.
1644 1881 1681 1907 lb.
1696 1880 1766 1908 XVI.
1781 1884 1805 1908 5.
1826 1892 1848 1909 c.
1864 1883 1904 1908 14.
1925 1881 1958 1908 cf.
1979 1892 2000 1908 c.

1158 1927 1197 1952 13.
1218 1924 1251 1952 de
1264 1924 1334 1951 haer.
1359 1940 1391 1943 —
1414 1924 1445 1957 δ.
1466 1925 1501 1951 2.
1524 1925 1745 1958 colluctatio,
1765 1926 1944 1952 Certamen.
1981 1923 2000 1950 I.

1158 1970 1220 2003 Sy.
1251 1966 1430 1994 Concertatio.
1459 1966 1490 1993 sr.
1509 1969 1533 1994 3.
1554 1968 1576 2001 3.
1596 1970 1620 1994 4.
1640 1967 1671 1994 fr.
1692 1969 1732 1993 17.
1753 1967 1786 1993 de
1804 1968 1830 1994 vi
1849 1972 1874 1994 et
1892 1967 1918 1993 vi
1937 1977 2000 1993 arm.

1157 2013 1198 2038 43.
1225 2011 1264 2037 16.
1307 2010 1350 2036 IH.
1374 2011 1440 2038 011·
1472 2009 1501 2036 Iu
1526 2011 1586 2047 ipso
1610 2010 1761 2042 latrocinio,
1790 2009 1832 2036 vel
1857 2020 2002 2046 congressu

1157 2054 1312 2085 violentiae,
1332 2057 1376 2079 aut
1395 2057 1547 2089 perpetrato
1567 2053 1709 2079 homicidio
1723 2069 1755 2072 —
1770 2052 1936 2090 deprehensi.
1964 2052 2000 2079 lb.

1267 2106 1288 2122 c.
1308 2097 1332 2122 5.
1353 2095 1386 2122 de
1405 2095 1491 2121 exhib.
1512 2106 1535 2122 v.
1555 2100 1662 2122 transm.

1194 2148 1380 2182 Congrue-
1405 2145 1528 2179 (Advb.)
1570 2147 1822 2181 convenienter,
1852 2149 2002 2174 Accomo-

1158 2193 1240 2217 date.
1276 2189 1295 2216 Ι.
1314 2190 1376 2224 Sy.
1406 2188 1596 2225 Congruenter.
1625 2189 1656 2216 cl'.
1676 2189 1701 2216 h.
1721 2200 1745 2216 v.
1781 2189 1824 2216 111.
1846 2191 1912 2218 Gn.
1938 2189 2003 2217 Ver-

1159 2234 1252 2260 borum
1273 2233 1425 2270 conceptio,
1451 2232 1483 2258 ad
1509 2242 1586 2268 quam
1610 2233 1669 2268 quis
1693 2242 1807 2269 congrue
1826 2233 2002 2269 interrogatus

1634 2275 1757 2311 Congrue
1776 2277 1914 2313 impetrata
1934 2285 2003 2302 emo-

1160 2320 1282 2346 lumenta.
1321 2318 1370 2345 Th.
1397 2318 1428 2345 C.
1452 2318 1471 2345 I.
1494 2320 1518 2344 2.
1547 2328 1569 2344 c.
1588 2319 1613 2344 4.
1643 2318 1758 2351 (wok.)
1788 2319 1820 2345 de
1845 2318 1896 2345 div.
1920 2328 2001 2346 reser.

1161 2363 1284 2399 Congrue
1303 2363 1428 2388 coerceri.
1456 2361 1494 2388 Ib.
1514 2361 1531 2388 I.
1551 2363 1574 2387 5.
1595 2370 1616 2387 c.
1637 2363 1659 2387 1.
1680 2361 1713 2388 de
1734 2362 1777 2388 off.
1798 2362 1850 2389 Prf.
1870 2361 1912 2388 Pr.

1197 2414 1429 2447 Congruens.
1463 2411 1592 2445 (Panic.)
1635 2414 1856 2445 Conveniens,
1890 2415 2002 2447 Apeus.

1138 2484 1139 2490 ἵ
1161 2456 1203 2483 ΙΙΙ.
1225 2457 1291 2484 Cn.
1319 2455 1453 2487 Honores,
1479 2455 1522 2491 qui
1546 2454 1602 2481 filio
1622 2454 1757 2482 decurioni
1777 2460 1952 2492 congruentes
1970 2471 2003 2475 —

1162 2500 1321 2535 obtigerunt.
1354 2498 1384 2524 sr.
1408 2499 1445 2523 15.
1472 2497 1592 2524 demun.
1618 2503 1642 2524 et
1663 2498 1723 2525 hon.
1750 2501 1791 2525 50.
1811 2500 1834 2525 4.
1873 2497 1902 2525 Fr.
1924 2500 1946 2524 l.
1971 2497 2003 2525 de

1139 2570 1140 2573 ,
1164 2543 1296 2569 decurion.
1317 2543 1358 2567 50.
1378 2543 1402 2566 2.
1442 2539 1523 2566 Sexui
1543 2550 1690 2576 congruens
1710 2541 1869 2578 (pudicitia).
1889 2540 1920 2567 fr.
1938 2542 1960 2567 1.
1980 2540 2001 2573 3.

1163 2588 1186 2612 5.
1208 2586 1240 2612 de
1258 2583 1356 2622 postul.
1376 2585 1400 2609 3.
1416 2585 1437 2609 l.
1467 2583 1652 2620 lnterpretatio
1666 2594 1812 2622 congruens
1826 2583 1949 2621 (aptanda
1962 2587 2004 2609 est

1164 2629 1275 2665 singulis
1295 2627 1383 2653 verbis
1403 2626 1430 2652 S·
1443 2626 1511 2657 Cli).
1541 2626 1570 2653 fr.
1591 2630 1632 2653 20.
1653 2627 1674 2661 3
1695 2629 1718 2653 6.
1747 2626 1779 2653 de
1798 2626 1887 2653 hered.
1907 2631 1958 2663 pet.
1978 2627 2001 2652 5.

1163 2674 1187 2698 3.
1226 2670 1402 2707 Congu-uentis
1426 2679 1526 2706 poenae
1550 2670 1683 2707 supplicio
1706 2669 1841 2696 vindicari.
1874 2668 1946 2695 Paul.
1970 2668 2001 2700 v.

1312 2712 1491 2739 Moderatione
1511 2713 1664 2749 congruenti
1683 2722 1725 2739 res
1745 2712 1862 2738 donatae.
1892 2721 1912 2738 e.
1934 2713 1956 2738 l.
1980 2709 2003 2737 si

277 2798 363 2835 possit
383 2807 444 2823 vera
464 2800 563 2824 ratinm·
577 2800 706 2826 convinci.
727 2798 776 2825 Th.
792 2797 823 2825 C.
837 2798 882 2825 XI.
896 2801 937 2825 36.
958 2810 979 2825 c.
994 2801 1016 2825 7.
1038 2800 1121 2835 Quor.
1143 2801 1144 2812 ¹
1167 2799 1198 2826 di·
1218 2800 1261 2826 off.
1282 2798 1357 2825 Proc.
1382 2803 1408 2824 et
1427 2798 1487 2835 Leg.
1509 2801 1531 2825 1.
1554 2800 1593 2825 16.
1631 2797 1826 2834 Congruentius
1845 2796 1950 2834 quidem
1967 2798 2004 2824 vi-

277 2851 336 2878 app*
359 2851 382 2866 11.
404 2851 454 2866 [ΨΕ-

1166 2843 1242 2870 detur
1261 2847 1309 2869 etc.
1339 2852 1360 2868 c.
1379 2843 1403 2867 4.
1424 2841 1456 2868 de
1475 2841 1503 2868 P.
1522 2840 1551 2867 Ρ.
1570 2842 1594 2867 8.
1613 2842 1654 2867 47.
