2197 3121
270 173 332 204 478

270 255 337 283 Cn.
358 254 477 286 Donate.
502 263 550 279 nec
575 251 720 279 inscribere
743 250 871 284 (servos.)
891 260 912 277 c.
932 251 973 277 35.
994 250 1015 283 5.
1034 250 1059 275 2.
1080 248 1113 276 de

271 298 358 324 donat.
377 301 400 323 δ’.
420 299 461 323 54,
500 296 683 323 lnstrumentis
708 294 818 321 inscribi
837 293 975 325 (nomina.)
996 292 1026 319 fr.
1046 293 1070 318 5.
1090 293 1112 326 5.
1134 311 1136 332 ⁴.

270 343 294 367 4.
315 341 347 367 dc
367 344 432 366 auct.
453 344 477 365 et
497 348 567 365 eouS.
588 340 630 365 26.
649 340 674 365 8.
718 337 866 364 lnventario
892 337 971 362 inser.
993 335 1070 368 (res.)
1090 345 1111 362 c.

272 386 311 410 13.
332 393 370 420 pr.
389 382 478 409 arbitr.
500 386 545 408 tut.
566 383 590 408 5.
611 383 652 407 51.
678 397 708 401 —
733 381 764 414 §.
785 382 824 407 4.
850 380 1062 406 subscribere
1079 380 1112 405 in

272 429 430 459 (crimen.)
468 425 486 450 1.
512 425 574 458 Sy·
605 423 687 456 Reus,
707 423 861 460 Inscriptns.
882 421 932 448 Th.
953 420 984 448 C.
1005 420 1050 448 IX.
1069 422 1111 448 37.
1133 449 1134 454 ¹

271 480 292 496 c.
311 472 336 496 2.
356 469 388 496 de
407 467 542 494 abolition.
579 466 621 493 Ill.
642 469 708 495 Gn.
729 466 884 497 Inscribere,
903 464 1006 501 aliaque
1026 465 1112 491 omnia

271 529 302 534 ..-
323 511 474 539 solemniter
493 510 644 537 observare.
665 520 685 537 c.
707 511 748 536 11.
768 509 800 536 de
819 509 894 535 iniur.
914 509 938 534 9.
958 509 1001 534 35.

307 554 522 587 Inscriptio.
543 553 573 587 §-
594 555 628 580 1.
652 554 789 580 Titulus
806 552 996 587 praefixus.
1016 549 1110 584 [Sy.

271 598 384 626 Titulus.
405 596 545 633 Inscriptio
565 596 642 623 tituli.
664 595 694 622 fr.
712 597 737 621 2.
757 604 796 631 pr.
816 594 838 627 5.
858 595 882 619 2.
904 592 934 619 sr.
955 595 978 619 7.
998 593 1020 627 5.
1036 594 1058 620 l.
1079 593 1111 619 de
1132 607 1134 626 1

271 652 332 679 opp,
352 639 413 677 pub.
434 641 474 666 50.
497 641 536 666 10.
556 638 598 665 Ill.
620 640 685 667 Gn.
706 636 841 675 Operibus
861 636 976 674 publicis
996 636 1111 663 adscribi

271 686 325 718 (se.
348 682 482 720 ponduS,)
507 683 564 709 sine
593 681 645 709 ulla
670 679 895 708 commendatione
918 684 997 716 atque
1021 680 1112 706 inscri-

270 728 360 765 ptione
384 726 440 752 eius
466 726 588 751 nominis.
620 723 669 750 Th.
695 723 726 750 C.
751 722 794 750 Vl.
818 725 843 750 4.
868 733 889 749 c.
915 724 954 749 13.
983 722 1005 756 5.
1030 724 1054 748 2.
1079 721 1112 748 de

270 770 354 797 Praet.
379 773 405 795 et
429 768 481 804 Qu.
507 768 538 794 cf.
563 768 593 794 fr.
617 769 640 793 2.
665 777 704 804 pr.
725 766 742 793 l.
765 768 808 793 50.
829 768 869 792 10.
893 764 923 792 fr.
943 767 967 791 4.
993 764 1025 792 de
1044 764 1111 791 adm.

270 823 320 840 rer.
340 811 372 839 ad
392 812 441 838 eiv.
461 813 502 837 50.
523 812 546 837 8.
579 810 806 837 Monumentorum
829 809 1025 845 inscriptiones.
1046 818 1068 835 e.
1087 809 1111 834 6.

270 857 303 883 dc
322 855 394 891 relig.
414 856 438 881 3.
458 856 499 880 44.
538 853 611 879 Sacri
630 853 774 879 adt'ntus-
788 862 919 889 purpurea
939 852 1112 888 inscriptione
1134 845 1135 870 1

270 899 424 926 lustrentur.
445 908 466 923 c.
486 899 509 923 (i.
529 895 562 923 de
582 896 634 922 div.
653 905 733 923 rescr.
754 896 777 921 l.
796 896 838 921 23.
865 911 894 916 —
920 895 951 928 ξ.
972 897 1008 921 2.
1032 897 1112 921 Pro-

265 944 372 979 fessio
392 942 534 974 scripta,
555 941 740 966 Intimatio.
766 938 784 964 Ι.
805 939 867 972 Sy.
887 937 1049 964 lntimandae
1068 936 1113 963 do·
1134 940 1135 955 1

270 987 398 1013 nationes.
436 982 637 1009 Lucrativorum
657 982 853 1018 inscriptiones.
873 991 895 1007 e.
916 982 955 1007 19.
976 991 997 1007 c.
1017 983 1059 1007 22.
1080 980 1113 1006 de

269 1028 318 1055 SS.
339 1026 402 1053 ecel.
423 1028 445 1052 l.
465 1028 490 1052 2.
511 1042 540 1045 —-
562 1025 593 1058 ξ.
613 1026 650 1051 3.
673 1026 883 1059 Subscriptio
903 1025 1113 1051 accusatoris

269 1074 301 1098 ἰιι
320 1073 447 1098 crimen.
485 1068 503 1094 I.
524 1070 586 1102 Sy.
615 1067 790 1105 inscriptione
809 1067 952 1093 conveniri.
991 1066 1113 1093 Conven-

269 1116 316 1141 tio.
336 1113 385 1140 Th.
407 1111 440 1138 C.
458 1110 503 1137 Vl.
522 1113 546 1138 4.
567 1121 588 1137 c.
610 1113 650 1137 13.
670 1111 692 1144 5.
711 1112 735 1137 3.
756 1110 788 1136 de
807 1109 892 1136 Praet.
914 1109 957 1136 111.
970 1110 1038 1137 Cn·
1059 1109 1112 1143 Qui

269 1158 367 1184 crimen
386 1154 507 1187 intendit,
528 1155 554 1181 in
574 1153 699 1181 iudicium
718 1154 814 1184 veniat,
834 1163 928 1179 nomen
948 1154 985 1179 rei
1006 1152 1112 1184 indicet.

268 1199 402 1227 vinculum
422 1198 605 1235 inscriptionis
625 1197 742 1233 accipizit.
763 1196 800 1222 lb.
820 1196 864 1222 lx.
886 1198 908 1222 1.
929 1197 1006 1222 c.19.
1019 1205 1059 1232 pr.
1080 1194 1111 1221 cf.

269 1254 291 1270 c.
311 1244 335 1269 8.
356 1252 377 1269 c.
400 1243 439 1268 11.
459 1251 480 1267 e..
503 1243 541 1267 14.
569 1240 602 1267 de.
628 1250 714 1266 aeeuS.
743 1244 768 1265 et
787 1240 865 1266 inser.
886 1239 930 1265 IX.
950 1240 974 1265 3.
995 1248 1016 1265 c.
1035 1240 1060 1265 4.
1080 1237 1112 1264 de

269 1291 335 1313 cust.
362 1294 429 1312 reor.
471 1282 592 1310 Libellos
617 1283 819 1320 inscriptionum
843 1281 959 1319 legitime
981 1281 1112 1312 ordinare,

268 1339 292 1356 v.
314 1328 454 1366 deponere.
475 1326 505 1353 fr.
524 1328 548 1352 3.
568 1336 608 1363 pr.
628 1325 685 1359 5.1.
705 1325 738 1352 de
756 1327 899 1352 accus.48.
913 1327 936 1351 2.
958 1324 988 1351 sr.
1007 1326 1031 1350 2.
1051 1324 1065 1358 5
1087 1325 1111 1350 8.

270 1372 302 1399 ad
320 1371 350 1398 L.
370 1370 417 1397 lul.
442 1370 474 1396 de
498 1368 578 1396 adult.
602 1370 644 1394 48.
668 1371 694 1395 5.
721 1368 752 1395 es.
777 1379 798 1395 c.
821 1370 843 1395 l.
867 1378 888 1395 c.
911 1369 950 1394 19.
970 1367 1003 1394 de
1023 1367 1047 1394 b.
1068 1377 1111 1403 qu.

269 1425 354 1442 accus.
375 1424 399 1440 ιι.
419 1422 492 1450 poss.
511 1414 535 1439 9.
558 1414 579 1438 l.
617 1411 712 1438 Audiri
737 1411 869 1438 interdum
893 1412 972 1437 etiam
998 1411 1056 1437 sine
1074 1411 1113 1436 in-

270 1459 415 1495 scriptione
435 1461 483 1488 (sc.
504 1454 694 1487 interdictum.)
715 1465 736 1481 c.
756 1456 780 1480 8.
801 1454 871 1481 unde
889 1455 923 1481 vi.
943 1455 967 1481 8.
987 1455 1011 1480 4.
1037 1453 1068 1480 cf.
1089 1463 1112 1479 c.

271 1504 294 1528 1.
319 1501 351 1527 de
376 1500 441 1535 nbig.
466 1500 489 1525 9.
513 1500 554 1524 37.

270 1554 323 1571 non
346 1543 487 1581 potuerint.
514 1541 544 1567 fr.
570 1542 609 1567 15.
639 1541 660 1574 5.
686 1542 710 1566 5.
736 1540 768 1567 ad
792 1540 819 1567 S.
840 1540 871 1567 C.
896 1540 979 1577 Turp.
1003 1542 1045 1566 48.
1071 1541 1111 1565 16.

269 1587 412 1623 Postquam
432 1583 533 1621 aliquid
552 1584 676 1615 iniuriae,
701 1584 794 1609 merito
819 1584 1000 1620 inscriptionis
1024 1582 1112 1609 illatae

270 1630 389 1657 tolerarit
407 1628 561 1664 inscriptus.
582 1626 632 1653 Tb.
653 1626 685 1652 C.
704 1625 748 1652 lX.
768 1627 810 1652 37.
831 1636 852 1653 c.
865 1628 890 1652 2.
911 1625 943 1652 de
963 1625 1099 1651 abolition.

307 1673 542 1704 lust-utpote.
567 1670 722 1699 Incidere,
743 1671 903 1703 Sculpere.
922 1667 966 1694 Ill.
987 1669 1053 1696 Cn.
1073 1667 1113 1694 ln—

271 1715 408 1745 chulenda,
429 1719 471 1739 aut
491 1711 663 1749 insculpenda
683 1711 764 1745 (data.
785 1722 821 1738 sc.
842 1712 962 1747 gemma.)
981 1710 1013 1737 fr.
1030 1713 1069 1738 13.
1090 1712 1112 1745 5.
1134 1722 1136 1734 ε

270 1762 293 1786 5.
314 1759 390 1785 locat.
412 1759 450 1783 19.
470 1758 494 1781 2.

271 1802 312 1828 vel
332 1803 358 1828 in
378 1800 452 1826 silice
472 1799 533 1831 ete.)
555 1808 576 1824 c.
598 1800 620 1824 l.
641 1808 707 1824 nem.
727 1797 769 1824 lic.
790 1798 853 1833 sign.
878 1799 898 1823 l.
919 1800 942 1822 8.

306 1844 517 1872 luscam-e,
539 1851 560 1868 s.
582 1841 784 1868 Insectari.
822 1841 1026 1875 Exagitare,
1051 1841 1114 1866 La·
1135 1873 1136 1878 1

271 1897 398 1915 cessere.
435 1885 453 1911 l.
480 1887 541 1918 sy.
579 1883 692 1910 Insidias
716 1893 815 1920 parare.
847 1882 896 1909 Th.
918 1882 949 1909 C.
968 1882 1013 1909 IX.
1039 1884 1062 1908 7.
1092 1893 1113 1908 c.
1135 1881 1136 1901 1

272 1933 296 1956 4.
316 1929 397 1963 551.
418 1938 457 1964 sq.
478 1927 510 1953 ad
536 1926 565 1953 L.
592 1926 640 1953 lul.
664 1926 697 1953 de
721 1926 802 1952 adult.
843 1925 887 1952 Ill.
912 1927 978 1953 Cn.
1008 1924 1113 1952 Libello
1135 1940 1137 1950 .=

272 1973 333 2000 dato
354 1987 385 1991 -
406 1970 497 1997 famam
516 1969 626 1996 alienam
645 1970 777 1995 insectari.
801 1969 831 1996 fr.
853 1971 893 1995 15.
917 1969 939 2002 5.
958 1970 1000 1995 29.
1025 1968 1058 1995 de
1078 1969 1114 1994 in-
1135 1969 1137 1978 ¹

272 2017 319 2042 iur.
340 2016 381 2041 47.
406 2015 446 2040 10.
484 2013 627 2039 obscoeno
651 2013 756 2038 nomine
781 2028 812 2031 —
839 2012 934 2048 aliquis
958 2012 1112 2038 insectatus.

272 2057 345 2085 l'aul.
365 2057 397 2083 V.
417 2059 439 2083 4.
460 2057 481 2090 5.
500 2058 541 2082 21.
568 2055 598 2081 cf.
624 2056 711 2089 5.15.
759 2054 938 2081 Calumniosis
959 2054 1113 2080 criminibus
1135 2052 1137 2062 '

273 2101 394 2127 insectari
415 2099 603 2131 (innocentes.)
624 2098 654 2124 sr.
675 2100 698 2123 6.
719 2098 739 2131 5.
759 2100 783 2124 2.
804 2097 837 2123 de
856 2098 899 2123 off.
920 2096 1008 2123 Praes.
1024 2099 1045 2123 l.
1063 2099 1102 2123 18.

592 1498 645 1534 Qui
670 1502 733 1535 post
756 1498 955 1535 inscriptionem
979 1513 1012 1517 —
1036 1506 1113 1533 agere

532 1754 698 1792 Insculpere,
723 1754 766 1781 vel
790 1755 897 1791 pingere
920 1753 980 1785 (vel
999 1754 1025 1780 in
1045 1753 1113 1787 solo,
1134 1770 1136 1779 l

309 2143 530 2170 Inseetntio.
554 2143 753 2168 Persecutio.
774 2140 816 2167 Ill.
838 2142 904 2168 Cn.
932 2140 1048 2175 Vrgente
1067 2141 1115 2166 eri-

273 2187 350 2213 minis
369 2186 549 2216 insectatione.
569 2183 709 2221 stipendiis
729 2189 856 2210 exemtus.
881 2183 931 2209 Th.
952 2183 982 2210 C.
1006 2182 1070 2209 Vlll.
1090 2184 1114 2209 4.

275 2240 296 2257 c,
315 2231 356 2256 26.
377 2229 409 2255 de
428 2227 554 2254 eohortal.

310 2273 540 2304 Insepultus.
565 2269 695 2303 (Adieet.)
722 2271 790 2296 Non
809 2268 964 2303 sepultus.
985 2268 1028 2295 Ill.
1049 2269 1114 2296 (7η.

274 2315 314 2342 Ne
334 2313 465 2350 insepulta
485 2323 594 2349 eorpora
615 2314 737 2344 iacerent,
758 2322 824 2338 neve
844 2313 902 2348 quis
923 2311 955 2337 de
974 2311 1059 2337 alieno
1080 2311 1116 2337 fu·
1137 2329 1138 2341 ι

275 2363 389 2385 nei-etur.
409 2356 439 2383 sr.
462 2358 500 2382 12.
521 2356 541 2389 5.
561 2358 584 2381 3.
611 2356 641 2382 cf.
667 2356 697 2382 t'r.
719 2357 758 2382 14.
785 2356 806 2389 5.
827 2357 849 2381 7.
875 2355 905 2381 l'r.
924 2356 965 2381 28.
991 2354 1024 2380 de
1043 2353 1115 2390 relig.

277 2404 316 2428 ll.
337 2403 359 2427 7.

311 2443 491 2471 1115011181.
529 2440 571 2467 Cf.
591 2450 614 2466 v.
636 2441 731 2468 Semel.

313 2485 483 2518 insequi.
520 2484 550 2517 §·
572 2484 605 2509 l.
628 2485 779 2510 Proxime
798 2486 961 2515 accedere,
982 2485 1116 2510 Praece-

276 2532 396 2555 dcutem
416 2530 572 2561 excipere.
597 2525 638 2551 lll.
661 2527 726 2553 (1η.
747 2526 850 2561 Quodsi
870 2536 946 2552 nemo
966 2536 1054 2552 eorum
1075 2525 1116 2552 ad-

278 2573 344 2598 ierit.
365 2570 396 2597 ad
416 2572 596 2606 insequentem
616 2568 723 2605 gradum
747 2569 890 2600 (hereditas
915 2579 966 2595 non
987 2569 1116 2594 transmit-
1138 2567 1139 2574 ¹

279 2615 366 2645 titur.)
391 2612 452 2650 511».
477 2612 573 2638 XXYI.
597 2614 620 2638 5.
663 2611 794 2638 Consulto
820 2612 933 2638 fructum
951 2612 1116 2648 insequentis
1138 2602 1140 2614 ἰ

279 2658 336 2681 anni
358 2666 531 2692 corrumpere.
553 2655 583 2681 l'r.
601 2657 643 2681 35.
664 2655 728 2688 5.1.
749 2653 825 2680 locat.
853 2657 891 2680 19.
910 2657 934 2681 2.
963 2671 996 2674 -
1025 2655 1055 2687 ς’.
1081 2655 1115 2680 Β.
1138 2657 1140 2688 ζ

280 2701 392 2732 Sequi,
408 2700 631 2732 Superrcnire.
652 2697 670 2724 l.
684 2698 745 2731 Sy.
760 2697 864 2723 Secuta.
879 2697 997 2724 Insecuta
1011 2698 1116 2730 (murs.)
1138 2693 1139 2705 ³

280 2740 310 2766 fr.
329 2744 352 2766 2.
375 2740 403 2765 [ι’.
427 2743 464 2766 18.
485 2741 506 2773 5.
526 2743 549 2767 2.
571 2740 600 2766 l'r.
621 2742 662 2766 40,
681 2740 711 2766 fr.
731 2742 772 2766 42.
797 2740 818 2773 5.
840 2741 862 2765 1.
883 2739 915 2765 de
935 2750 966 2766 m.
988 2750 1008 2766 e.
1029 2740 1116 2766 donat.
1138 2737 1140 2759 1

279 2785 320 2809 39.
340 2785 363 2808 (i.
401 2782 519 2811 Secutae.
541 2783 676 2809 Insecutae
696 2783 836 2819 (nuptiae.)
856 2781 886 2809 [r.
906 2784 929 2807 6.
951 2792 988 2818 pr.
1009 2783 1039 2809 l'r.
1059 2785 1081 2808 7.
1095 2787 1117 2816 5.

284 2828 305 2852 l.
326 2826 355 2852 t'r.
375 2827 399 2851 9.
419 2835 457 2861 pr.
482 2826 503 2858 5.
526 2828 546 2852 l.
572 2826 603 2852 sr.
625 2828 663 2851 10.
690 2825 722 2852 «le
746 2825 822 2852 cond.
843 2835 864 2851 c.
884 2824 935 2851 dat.
957 2826 996 2850 12.
1015 2828 1037 2850 4.
1076 2825 1116 2851 111.

1135 1820 1136 1823 ,
1158 1799 1219 1823 inst.
1242 1798 1284 1822 28.
1309 1798 1333 1823 7.

1092 166 1171 198 INS.

1159 249 1225 277 Cn.
1245 247 1359 284 Quodsi,
1379 247 1520 276 donatione
1538 250 1596 276 iure
1614 249 1753 283 celebrata,
1772 267 1805 271 —
1824 250 1949 287 obligatio
1962 251 1999 278 in-

1157 297 1247 318 secuta
1267 296 1315 318 est.
1336 301 1356 318 c.
1378 293 1418 318 13.
1443 292 1475 319 de
1499 292 1586 319 donat.
1612 293 1658 319 int.
1679 292 1711 320 V.
1735 296 1758 320 5.
1786 295 1824 321 16.
1862 294 1937 321 Tunc
1956 293 1999 321 de-

1134 339 1136 345 *
1156 345 1234 365 mum.
1255 344 1313 361 cum
1332 344 1404 360 mors
1423 334 1501 362 suerit
1519 337 1645 362 insecuta.
1670 335 1701 363 fr.
1721 338 1745 363 2.
1766 336 1798 364 de
1816 347 1849 364 m.
1869 347 1890 364 c.
1910 337 1998 364 donat.

1155 380 1198 405 39.
1218 378 1242 404 B.
1262 377 1294 404 sr.
1314 379 1355 404 11.
1375 377 1397 411 5.
1420 379 1432 403 l
1462 377 1495 405 de
1513 378 1573 405 don.
1594 380 1640 405 int.
1660 377 1690 406 V.
1704 381 1746 406 24.
1768 381 1790 406 1.
1827 379 1947 407 Insecuta
1961 391 1999 407 ra·-

1156 420 1320 447 tilmbitione.
1344 419 1376 447 fr.
1401 421 1440 447 17.
1464 426 1511 448 rat.
1536 432 1598 448 rem.
1623 421 1682 448 hab.
1708 424 1750 449 46.
1770 424 1794 449 8.
1830 422 1999 460 Insequentia

1156 469 1282 502 tempora.
1307 462 1337 490 fr.
1358 464 1381 489 7.
1406 463 1428 497 5.
1448 464 1472 490 1.
1497 463 1530 491 de
1553 464 1646 491 edend.
1672 467 1696 491 2.
1717 467 1757 492 13.
1783 465 1814 492 cf.
1837 465 1868 492 sr.
1888 467 1912 492 9.
1932 467 1954 501 5.
1973 467 1998 499 4,

1156 507 1233 534 locat.
1254 508 1294 533 19.
1313 508 1338 533 2.
1359 521 1390 525 ——
1411 506 1441 539 §.
1467 507 1505 533 3.
1529 508 1693 542 Persequi.
1734 507 1778 535 III.
1805 509 1871 536 Gn.
1890 508 1955 541 Lex,
1973 518 1998 536 v.

1155 550 1222 577 luris
1241 551 1325 586 vigor,
1345 549 1494 585 insequitur
1509 549 1548 582 (in
1561 549 1661 577 scelere
1675 550 1879 588 deprehensos.)
1900 550 1950 578 Th.
1966 551 1998 578 C.

1154 592 1226 619 XVI.
1245 594 1270 619 5.
1290 603 1311 619 c.
1331 594 1373 619 48.
1400 591 1432 619 de
1455 591 1554 619 haeret.
1574 592 1642 620 Nov.
1661 593 1753 620 Maior.
1775 593 1808 620 de
1826 594 1888 621 bon.
1909 594 1999 622 caduc.

1156 634 1199 661 IV.
1219 637 1243 661 5.
1263 645 1285 661 c.
1306 637 1328 662 l.
1348 645 1388 672 pr.
1426 634 1512 661 Poena
1531 637 1679 673 proposita,
1700 647 1766 673 quae
1780 637 1930 674 insequitur
1949 638 2000 670 (re-

1156 679 1310 715 cipientes.)
1335 678 1384 705 Th.
1410 677 1440 704 C.
1464 677 1497 705 V.
1517 679 1541 705 4.
1566 689 1588 705 c.
1607 680 1633 706 3.
1653 679 1766 712 (ch.)
1791 679 1824 707 de
1842 680 1904 707 bon.
1923 679 2000 707 milit.

1157 721 1209 757 Qui
1229 722 1285 747 iura
1310 720 1511 759 sepulchrorum
1535 721 1637 758 adquiri
1661 723 1837 760 insequuntur
1861 723 1909 758 [al.
1932 724 2000 750 inse-

1157 764 1266 801 quitur]
1287 763 1317 790 sr.
1336 766 1378 791 55.
1399 765 1420 799 5.
1441 767 1466 791 3.
1486 764 1518 791 ad
1537 764 1604 792 S.C.
1624 764 1705 793 Treb.
1724 768 1767 793 36.
1787 768 1810 793 1.

1194 809 1386 835 Inserere.
1406 808 1437 842 §.
1447 808 1482 834 1.
1503 809 1654 840 Iniicere,
1668 810 1860 836 Imminere.
1879 809 1921 836 111.
1933 810 2000 837 Cn·
2017 840 2019 844 .

1158 850 1223 877 Solo
1244 850 1348 881 cedere,
1368 866 1400 870 —
1421 861 1487 888 quae
1504 851 1715 884 inaedificmtur,
1734 856 1778 878 aut
1796 853 1957 879 inseruntur.
1977 852 2000 886 5.
2018 845 2019 848 ¹

1134 925 1135 931 ἵ
1156 896 1197 920 33.
1213 893 1231 920 I.
1252 893 1285 920 de
1297 893 1331 920 D.
1348 892 1379 920 R.
1398 895 1423 920 2.
1443 895 1466 920 1.
1503 893 1603 920 Inserta
1623 899 1649 921 et
1667 894 1768 921 inclusa
1788 895 1916 925 aedificio.
1931 897 2001 932 (par-

1157 942 1208 963 tem
1229 937 1285 962 eius
1305 937 1386 969 esse.)
1407 936 1438 963 fr.
1457 937 1498 963 38.
1518 937 1540 971 5.
1559 939 1584 963 2.
1604 937 1636 964 de
1654 937 1688 964 A.
1708 938 1738 964 E.
1758 937 1790 964 V.
1812 939 1852 965 19.
1873 940 1895 964 l.
1915 954 1948 958 —
1968 938 2000 971 ξ.

1134 1010 1136 1016 ,
1157 981 1192 1006 2.
1213 981 1382 1011 Adiit-ere,
1402 981 1589 1014 Adplieare.
1625 979 1721 1015 [Sy.
1740 980 1854 1007 Addere.
1875 979 1916 1007 Cf.
1936 980 1960 1007 b.
1974 989 1999 1007 v.

1157 1023 1179 1056 5.
1199 1024 1226 1049 2.
1261 1021 1394 1048 Adiieere.
1420 1021 1463 1049 Cf.
1481 1022 1506 1049 h.
1525 1032 1550 1049 v.
1570 1023 1592 1056 5.
1611 1024 1636 1049 4.
1673 1023 1844 1051 Adscribere.
1869 1023 1911 1050 Cf.
1931 1022 1956 1050 h.
1975 1033 2000 1050 v.

1134 1062 1136 1084 ²
1156 1067 1179 1100 5.
1201 1067 1224 1092 l.
1261 1064 1362 1092 Indere.
1382 1064 1422 1091 Cf.
1442 1064 1468 1091 h.
1487 1075 1512 1092 ν.
1548 1064 1650 1092 Ponere
1669 1066 1883 1098 (conditionem.)
1907 1066 1938 1093 fr.
1958 1067 2000 1092 44.

1157 1109 1180 1144 5.
1200 1111 1225 1136 2.
1245 1108 1277 1136 de
1297 1108 1330 1135 Ο.
1351 1113 1377 1134 et
1394 1107 1426 1134 A.
1445 1109 1487 1134 44.
1509 1109 1532 1135 7.
1568 1108 1611 1136 Ill.
1637 1110 1704 1136 Cn·
1723 1109 1752 1135 In
1772 1109 1853 1136 forma
1873 1109 1938 1145 legis
1952 1108 2002 1135 Fu-

1157 1153 1210 1179 riae
1223 1168 1256 1172 —
1270 1162 1337 1189 ..pro
1357 1150 1492 1178 iudicato“
1511 1151 1620 1178 verbum
1639 1152 1729 1184 inseri.
1751 1162 1809 1178 cnm
1828 1153 1854 1179 in
1873 1153 1931 1190 ipsa
1943 1151 2002 1189 lege

1157 1205 1210 1222 non
1229 1196 1274 1221 sit.
1294 1194 1350 1221 Gai.
1364 1193 1408 1220 IV.
1422 1196 1464 1220 24.
1502 1193 1596 1220 Omnis
1616 1196 1737 1232 exceptio
1753 1195 1877 1222 obiicitur
1895 1195 2002 1232 quidem

1157 1250 1169 1264 a
1190 1248 1243 1269 reo,
1266 1237 1313 1264 sed
1332 1238 1367 1264 ita
1387 1236 1514 1264 formulae
1533 1238 1658 1264 inseritur
1677 1242 1727 1264 etc.
1747 1237 1844 1264 Ib.1V.
1861 1240 1918 1265 119.
1944 1238 2001 1265 Sub

1156 1281 1207 1308 hoc
1226 1280 1304 1307 titulo
1324 1279 1434 1308 Praetor
1451 1280 1563 1306 inseruit
1587 1284 1636 1306 etc.
1663 1279 1693 1307 fr.
1714 1282 1736 1307 l.
1759 1280 1794 1307 de
1811 1280 1843 1307 R.
1863 1280 1895 1308 C.
1917 1283 1955 1307 12.
1978 1283 2000 1307 l.

1157 1324 1189 1351 cf.
1209 1324 1239 1351 fr.
1260 1326 1283 1350 5.
1303 1323 1369 1356 5.1.
1390 1322 1423 1349 de
1442 1322 1530 1350 collat.
1551 1322 1612 1349 bon.
1631 1324 1673 1350 37.
1688 1324 1712 1350 6.
1732 1322 1816 1350 Vatic.
1831 1323 1852 1357 5.
1866 1325 1926 1351 208.
1950 1324 2002 1351 Ex-

1156 1367 1218 1394 inde
1236 1366 1365 1393 mandatis
1384 1366 1466 1392 inseri
1486 1366 1573 1402 coepit
1593 1366 1689 1403 (capnt
1708 1366 1785 1400 tale.)
1808 1366 1839 1394 fr.
1861 1369 1884 1394 l.
1908 1377 1948 1404 pr.
1968 1366 2001 1394 de

1156 1410 1231 1437 milit.
1250 1414 1353 1436 testam.
1372 1411 1414 1436 29.
1436 1411 1458 1435 1.
1497 1408 1564 1435 Cum
1587 1408 1728 1441 venderet,
1747 1423 1780 1427 —
1799 1409 1945 1437 venditioni
1964 1410 2001 1436 in-

1156 1454 1240 1480 seruit
1257 1457 1363 1490 pactum
1384 1456 1550 1478 conventum.
1575 1451 1606 1478 fr.
1632 1453 1671 1478 10.
1697 1451 1730 1478 de
1748 1462 1816 1479 serv.
1837 1458 1939 1490 export.
1959 1453 2000 1480 18.

1157 1498 1180 1523 7.
1201 1496 1233 1523 cf.
1253 1496 1283 1522 fr.
1306 1497 1345 1522 10.
1366 1495 1388 1529 5.
1410 1496 1432 1521 l.
1453 1494 1485 1521 de
1504 1505 1570 1522 rese.
1589 1494 1667 1521 vend.
1682 1495 1723 1521 18.
1736 1497 1760 1522 5.
1797 1494 1955 1533 Plerumque
1968 1510 2002 1515 —

1156 1550 1269 1577 persona
1288 1543 1366 1576 pacto
1386 1539 1521 1569 inseritur.
1541 1553 1573 1557 —
1593 1542 1622 1564 ut
1641 1537 1839 1565 demonstretur
1857 1543 1906 1565 etc.
1926 1538 1957 1565 fr.
1977 1540 2000 1565 7.

1156 1584 1178 1617 5.
1198 1584 1222 1609 8.
1243 1582 1275 1609 de
1293 1586 1362 1619 pact.
1381 1583 1406 1608 2.
1431 1582 1470 1607 14.
1508 1581 1590 1617 Magis
1616 1580 1807 1608 demonstravit
1829 1586 1948 1613 testator,
1968 1597 2001 1601 -

1157 1635 1234 1662 quam
1259 1624 1436 1651 conditionem
1460 1624 1579 1650 inseruit.
1606 1623 1637 1650 fr.
1663 1626 1703 1650 19.
1728 1624 1751 1658 5.
1776 1626 1798 1650 1.
1823 1623 1856 1650 de
1879 1624 1956 1651 cond.
1976 1629 2003 1651 et

1157 1669 1224 1695 dem.
1244 1670 1285 1694 35.
1308 1669 1329 1693 l.
1368 1667 1421 1702 Qui
1446 1666 1624 1693 conditionem
1648 1666 1784 1693 destinans
1803 1667 1929 1699 inserere,
1948 1677 2002 1694 non

1159 1711 1267 1738 addidit.
1288 1710 1318 1737 fr.
1338 1711 1361 1736 9.
1382 1710 1403 1743 5.
1419 1711 1445 1735 5.
1464 1709 1497 1736 de
1516 1709 1604 1736 hered.
1625 1710 1685 1736 inst.
1699 1713 1741 1737 28.
1755 1712 1779 1737 5.
1816 1709 2002 1742 conditiones,

1158 1764 1224 1791 quae
1248 1758 1339 1780 contra
1363 1752 1449 1779 bonos
1473 1762 1560 1779 mores
1585 1753 1746 1779 inseruntur.
1771 1752 1801 1779 l'r.
1821 1754 1845 1779 9.
1872 1751 1905 1779 de
1925 1752 2001 1779 cond.

1377 1795 1482 1831 Quibus
1506 1794 1577 1821 nulla
1602 1795 1662 1822 talis
1689 1795 1858 1822 iurisiurandi
1884 1795 2002 1822 conditio

1158 1840 1291 1866 inseritur.
1311 1838 1341 1865 sr.
1361 1839 1385 1865 8.
1406 1849 1446 1876 pr.
1466 1838 1500 1864 ib.
1520 1840 1562 1864 28.
1583 1840 1606 1865 7.
1643 1838 1709 1865 Dies
1729 1840 1852 1865 insertus
1872 1837 1903 1864 fr.
1918 1840 1959 1865 13.
1979 1838 2001 1872 5.

1160 1885 1199 1910 15.
1221 1883 1252 1909 de
1272 1882 1356 1908 damn.
1377 1881 1421 1908 inf.
1441 1883 1483 1908 39.
1502 1883 1527 1907 2.
1548 1881 1579 1908 fr.
1600 1883 1657 1908 118.
1677 1882 1743 1916 5.1.
1764 1881 1797 1908 de
1816 1880 1846 1908 V.
1867 1880 1901 1907 Ο.
1921 1882 1962 1907 45.
1978 1882 2000 1907 l.

1158 1926 1233 1952 Actis
1254 1927 1389 1952 insertum.
1410 1924 1459 1951 Th.
1481 1924 1512 1951 C.
1533 1924 1575 1951 lll.
1595 1926 1618 1951 5.
1639 1935 1660 1951 c.
1682 1927 1704 1951 1.
1725 1924 1757 1951 de
1776 1923 1891 1961 sponsal.
1912 1922 2000 1950 cf.X1.

1157 1970 1199 1995 26.
1221 1979 1241 1995 c.
1261 1970 1286 1994 2.
1310 1968 1342 1994 de
1368 1967 1512 1994 discussor.
1547 1983 1577 1988 —-
1609 1968 1640 2001 §-
1661 1968 1698 1994 3.
1725 1969 1915 2001 Iniungere,
1940 1968 2001 1992 Ad-

1157 2014 1340 2046 striugere.
1360 2013 1593 2044 Incorporare.
1629 2010 1648 2036 1.
1674 2011 1736 2044 Sy.
1761 2008 1886 2045 Obligare
1905 2009 2002 2042 (censi-

1158 2055 1230 2087 bus.)
1250 2054 1286 2080 lb.
1306 2053 1351 2080 Xl.
1373 2055 1395 2080 l.
1415 2063 1437 2079 e.
1456 2054 1498 2079 28.
1519 2052 1551 2079 de
1568 2062 1663 2079 annon.
1679 2057 1704 2079 ct
1717 2051 1806 2078 tribut.
1842 2051 2000 2087 Adgregare.

1159 2098 1196 2124 lb.
1219 2096 1261 2123 Vl.
1281 2098 1322 2123 27.
1344 2107 1365 2122 c.
1384 2098 1426 2122 20.
1446 2106 1486 2132 sq.
1507 2095 1539 2121 de
1559 2099 1642 2130 agent.
1662 2095 1689 2121 in
1708 2094 1763 2121 reb.
1799 2093 1830 2120 Π.
1854 2095 1922 2128 (Dp.
1940 2094 2002 2120 Exi-

1158 2150 1229 2167 mere
1248 2138 1427 2172 (matriculis.)
1446 2138 1483 2164 lb.
1504 2137 1548 2164 U.
1568 2140 1610 2163 24.
1630 2147 1651 2163 c.
1671 2139 1695 2163 2.
1716 2147 1737 2163 c.
1750 2139 1774 2163 5.
1795 2136 1828 2163 de
1847 2136 1957 2163 domest.
1975 2141 2003 2163 et

1136 2203 1138 2224 ἱ
1159 2187 1270 2220 protect.
1308 2181 1351 2208 Ill.
1377 2182 1444 2208 Cn.
1468 2180 1497 2207 Si
1521 2181 1565 2217 qni
1591 2190 1623 2206 ex
1647 2179 1688 2206 his
1711 2179 1770 2205 aliis
1795 2189 1823 2206 se
1843 2179 2001 2216 corporibus

1161 2225 1321 2252 crediderint
1340 2223 1504 2250 inserendos.
1525 2223 1562 2249 lb.
1581 2222 1651 2249 XIV.
1671 2223 1695 2248 3.
1716 2232 1738 2248 c.
1759 2224 1799 2248 10.
1819 2221 1852 2249 de
1872 2223 1965 2259 pistor.

1196 2267 1405 2296 lucen-ire.
1445 2268 1589 2297 Serrire,
1611 2266 1758 2299 obsequi.
1783 2264 1800 2291 1.
1813 2266 1875 2299 Sy.
1895 2264 2001 2292 Set-vire

1161 2311 1331 2347 (obsequiis.)
1356 2309 1406 2336 Tb.
1427 2309 1457 2336 C.
1477 2308 1547 2336 XVI.
1567 2311 1591 2335 2.
1611 2318 1633 2334 e.
1651 2310 1676 2334 3.
1696 2318 1715 2333 c.
1738 2310 1762 2334 5.
1783 2307 1815 2333 de
1835 2308 1916 2345 episc.
1936 2307 2000 2335 ecel.

1137 2393 1138 2396 Ἴ
1160 2355 1191 2381 ll.
1213 2356 1280 2388 ΟΡ.
1302 2353 1455 2388 Quiescere.
1475 2362 1496 2378 c.
1516 2353 1540 2378 3.
1559 2350 1592 2377 de
1611 2350 1691 2376 feriis.
1711 2352 1735 2377 3.
1755 2352 1795 2377 12.

1196 2397 1383 2424 Insidere.
1420 2396 1601 2422 Inhaerere.
1638 2392 1681 2419 111.
1705 2394 1771 2420 Cn.
1802 2393 1867 2420 Eius
1885 2394 2001 2430 regionis

1160 2439 1307 2466 visceribus
1331 2437 1470 2475 praedator
1493 2435 1611 2462 insidens
1641 2435 1690 2468 [al.
1716 2435 1870 2469 insidians]
1895 2435 1944 2462 Th.
1969 2435 2000 2463 C.

1162 2483 1228 2509 thl.
1248 2486 1272 2509 8.
1299 2492 1319 2507 c.
1339 2483 1363 2507 9.
1388 2479 1421 2507 de
1444 2483 1560 2505 exsecut.
1585 2483 1611 2505 et
1635 2483 1718 2505 exact.
1739 2478 1779 2505 Cs.
1800 2478 1862 2505 lust.
1884 2478 1914 2506 C.
1935 2489 1956 2506 c.
1975 2479 1999 2505 3.

1138 2545 1139 2551 .
1161 2526 1218 2552 eod.
1241 2527 1279 2551 12.
1299 2525 1340 2550 61.

1198 2567 1379 2596 Insidiae.
1417 2565 1448 2598 ξ.
1476 2566 1510 2591 1.
1548 2566 1652 2591 Locus
1680 2566 1841 2596 occultus,
1870 2566 1998 2599 adgres-

1161 2613 1249 2638 sioni
1267 2614 1479 2643 opportunus.
1516 2607 1559 2634 111.
1580 2608 1646 2634 Gn.
1670 2606 1754 2633 Cuius
1773 2606 1797 2633 d.
1816 2616 1850 2633 m.
1870 2606 1999 2632 exercitus

1163 2654 1189 2680 P.
1210 2653 1239 2680 R.
1261 2653 1286 2678 in
1307 2650 1414 2677 insidias
1439 2650 1576 2677 deductus.
1602 2649 1632 2676 sr.
1656 2651 1680 2675 4.
1703 2659 1743 2686 pr.
1768 2648 1799 2675 ad
1825 2648 1855 2675 L.
1874 2647 1921 2675 Iul.
1940 2648 1997 2674 mai.

1162 2699 1204 2723 48.
1224 2693 1339 2721 -1.‘l'aul.
1361 2693 1391 2719 V.
1411 2695 1452 2719 29.
1474 2693 1495 2726 5.
1518 2695 1539 2719 1.
1577 2693 1606 2719 Si
1626 2703 1675 2729 qua
1692 2692 1740 2718 alia
1760 2702 1838 2729 opera
1857 2706 1889 2710 -
1908 2689 1999 2716 cohae-

1163 2743 1228 2770 rent.
1249 2743 1277 2764 ut
1296 2747 1327 2763 ex
1348 2736 1388 2762 his
1408 2735 1557 2762 incendium
1581 2735 1622 2762 vel
1646 2735 1755 2761 insidias
1781 2734 1900 2761 vicinitas
1919 2732 1999 2759 retor-

1162 2781 1251 2808 midet.
1273 2779 1322 2806 Th.
1344 2779 1374 2806 C.
1395 2778 1453 2805 ΧΥ.
1475 2780 1496 2805 1.
1517 2789 1538 2805 c.
1557 2780 1599 2805 39.
1624 2778 1656 2804 de
1675 2787 1737 2815 opp.
1755 2776 1816 2814 pub.
1848 2791 1879 2796 —
1911 2775 1942 2808 §-
1963 2776 1998 2802 2.

1163 2826 1269 2850 Fraus
1289 2825 1432 2853 occulta,
1454 2823 1556 2848 Dolus
1573 2823 1785 2855 perniciosus.
1822 2817 1841 2844 Ι.
1855 2819 1917 2852 Sy.
1936 2817 1999 2844 Insi—
