2197 3121
259 182 342 213 1006

257 264 372 291 ditiones
392 261 565 300 (prohibeat.)
584 260 614 288 fr.
634 261 657 287 6.
678 269 717 298 pr.
737 258 770 286 de
790 258 834 285 ott.
853 257 943 284 praes.
965 258 1043 284 1.18.
1063 255 1105 282 Cf.
1128 282 1129 294 ἵ

257 306 308 334 Th.
323 306 354 333 C.
369 305 410 332 III.
428 307 448 332 l.
463 315 484 332 c.
502 307 522 331 l.
537 304 570 331 de
589 309 673 331 contr.
693 307 754 329 emt.
775 302 883 329 Crimen
903 300 1044 328 violentiae
1064 299 1107 326 ad-
1128 299 1129 320 l

258 351 370 376 mittere.
399 348 471 375 Paul.
492 347 520 374 ll.
543 349 582 374 14.
607 347 628 382 5.
649 348 673 373 5.
696 345 726 372 L.
747 345 823 372 Rom.
843 345 922 381 Burg.
941 346 966 370 8.
995 343 1108 380 Propter

257 392 408 419 violentiam
429 391 532 422 iudicis,
551 400 604 417 non
624 390 676 427 ipsi
697 405 727 410 —
749 387 823 415 dedit
842 387 958 414 libellos.
979 385 1010 413 fr.
1031 387 1054 412 7.
1075 384 1108 411 de

222 458 234 467 ,
258 435 317 473 adp.
337 440 363 461 et
382 434 455 460 relat.
475 435 517 460 49.
540 436 561 460 l.

293 478 503 504 Violentus.
524 476 656 510 (Adiect.)
675 475 864 502 Violentiae
877 482 956 498 reus.
989 471 1032 498 111.
1041 472 1108 499 οη.

259 521 346 557 Quem
365 520 489 546 claruerit
508 529 568 546 esse
586 518 738 546 violentum.
759 516 809 544 Tb.
825 516 856 543 C.
871 515 915 542 lX.
936 517 976 542 lo.
996 525 1018 542 c.
1032 516 1056 541 3.
1077 513 1109 540 ad

258 563 289 591 L.
309 563 354 590 lul.
379 562 412 589 de
435 563 459 589 vi
483 562 546 599 pub.
566 561 724 589 Contemtor
743 560 872 587 examinis
892 557 1033 585 violentus.
1070 557 1108 584 lb.

260 606 305 634 IV.
324 608 366 632 22.
387 616 408 632 e.
428 607 453 632 3.
474 605 542 632 unde
561 606 593 632 vi.

294 649 447 682 Vipera.
473 650 644 683 Serpentis
663 647 813 675 venenati
830 655 942 680 genus.
979 643 1025 670 III.
1041 645 1109 672 Cn.

259 692 294 719 Vt
314 691 443 729 parricida
464 708 494 712 —
516 691 592 718 culeo
612 692 746 721 insuatur,
768 698 825 715 cum
846 698 924 718 cane,
948 686 1018 723 gallo
1037 686 1110 723 galli—

259 745 355 767 naceo,
381 740 407 761 et
426 736 528 772 vipera,
554 739 579 761 et
598 735 682 761 simia.
708 732 738 759 fr.
759 734 783 758 9.
804 741 843 768 pr.
864 730 896 757 ad
916 730 945 757 L.
966 730 1059 767 Pomp.
1079 729 1112 756 de

260 788 330 816 parr.
350 779 391 804 48.
410 779 434 804 9.
455 788 477 804 c.
499 780 521 804 l.
542 777 574 804 de
594 777 618 804 h.
639 787 682 814 qu.
703 779 804 813 parent.
824 776 848 801 9.
871 776 911 800 17.

297 821 375 848 Vir.
401 821 431 854 §.
448 822 483 847 1.
504 822 605 847 Homo
625 821 803 850 masculus,
828 820 860 844 in
879 818 1021 843 civitate
1040 826 1112 842 con-

261 866 410 891 stitutus.
448 862 491 890 Ill.
512 864 579 891 Gn.
604 862 659 894 Vir.
684 871 731 888 seu
751 860 852 888 mulier.
873 859 902 886 fr.
923 860 947 885 8.
968 860 990 893 5.
1010 860 1035 885 2.
1060 858 1112 894 Qu.

261 912 323 934 met.
343 917 364 933 e.
379 909 402 933 4.
416 909 440 933 2.
461 905 509 932 Vir
528 905 644 933 eiusdem
665 905 785 931 civitatis.
807 904 836 930 fr.
851 904 875 930 6.
895 902 928 929 de
947 902 991 928 ofl'.
1012 901 1114 928 adsess.
1135 915 1136 925 t

264 952 287 977 l.
306 953 348 977 22.
369 950 409 976 Ne
427 950 593 987 potentiores
613 950 661 975 viri
681 947 837 974 humiliores
856 946 960 972 iniuriis
981 944 1112 971 adiiciant.

263 994 294 1021 fr.
314 995 337 1020 6.
358 994 380 1027 5.
399 995 424 1019 2.
445 992 478 1019 de
497 992 540 1019 off.
562 991 650 1019 Praes.
677 993 698 1017 l.
720 992 760 1017 18.
799 989 923 1016 Virorum
943 987 1113 1026 prudentium

264 1036 424 1064 consultum.
445 1035 475 1062 sr.
491 1038 513 1062 l.
533 1035 566 1062 de
585 1034 637 1061 LL.
660 1036 682 1061 l.
701 1035 726 1060 3.
747 1033 779 1060 cf,
801 1032 831 1060 fr.
849 1035 871 1059 2.
893 1033 915 1066 5.
930 1033 972 1057 35.
993 1030 1026 1056 de
1045 1030 1079 1056 O.
1094 1029 1112 1056 I.

265 1081 288 1106 l.
307 1082 332 1105 2.
352 1078 399 1105 Vir
419 1078 590 1109 clarissimus,
610 1087 632 1103 v.
652 1076 816 1115 spectabilis.
837 1075 879 1102 Cf.
893 1085 916 1101 v.
930 1073 1113 1103 Clarissimus,
1135 1073 1137 1102 ξ

264 1133 287 1150 ν.
308 1121 480 1160 Spectabilis.
509 1138 541 1141 —
571 1122 602 1155 §-
617 1123 653 1148 2.
675 1120 942 1156 Paterfamilias.
980 1116 1024 1142 ΠΙ.
1047 1117 1113 1143 Gn.
1135 1107 1137 1132 ἶ

264 1165 325 1193 Non
344 1170 423 1196 recte,
444 1175 491 1191 nec
511 1175 543 1191 ex
563 1164 626 1190 boni
646 1164 693 1190 viri
713 1162 848 1191 arbitratu.
869 1160 1005 1187 facturum.
1026 1158 1055 1185 fr.
1075 1160 1114 1184 13.
1136 1165 1138 1179 ¹«

264 1210 286 1244 5.
300 1210 324 1235 8.
345 1208 376 1235 sr.
399 1210 438 1234 15.
458 1208 518 1242 5..4
539 1207 572 1234 de
592 1206 675 1234 usufr.
696 1208 719 1232 7.
735 1207 757 1232 l.
781 1204 871 1231 Virum
891 1203 989 1229 honum
1009 1201 1115 1238 eligere,

265 1253 340 1279 euius
361 1250 469 1278 arbitrio
489 1251 623 1284 (rationes
649 1248 858 1286 computentur.)
882 1246 912 1272 fr.
932 1247 972 1271 47.
996 1245 1018 1278 5.
1038 1246 1062 1271 2.
1083 1243 1116 1270 de

265 1295 351 1322 fideic.
378 1294 441 1321 libb.
460 1295 503 1320 40.
522 1296 546 1320 5.
571 1293 603 1320 cf.
628 1292 658 1319 fr.
678 1294 718 1319 45.
746 1301 782 1328 pr.
804 1290 836 1316 de
856 1298 960 1326 procur.
979 1289 1003 1314 3.
1023 1289 1048 1314 3.
1086 1287 1116 1313 Si
1137 1295 1139 1324 ,³

265 1340 304 1365 vir
323 1337 436 1374 diligens
456 1347 484 1363 ea
504 1341 628 1373 gesturus
647 1335 702 1362 fuit.
725 1334 754 1361 fr.
769 1336 792 1360 6.
808 1334 830 1367 5.
848 1334 886 1359 12.
907 1331 940 1358 de
960 1330 991 1357 N.
1006 1330 1039 1357 G.
1053 1332 1077 1357 3.
1092 1332 1115 1356 5.

266 1382 410 1419 Tamquam
429 1381 470 1406 vir
489 1380 575 1406 bonus
595 1383 621 1405 et
640 1378 752 1414 diligens
773 1375 906 1413 paterfam.
931 1374 1043 1408 (Romae
1062 1383 1116 1400 mo-

266 1427 340 1458 rari.)
360 1424 390 1451 fr.
404 1425 446 1449 20.
466 1423 488 1456 5.
504 1424 525 1448 l.
546 1421 579 1448 de
599 1431 669 1458 oper.
691 1420 778 1447 libert.
797 1422 838 1446 35.
855 1420 876 1445 l.
897 1433 928 1437 —-
949 1418 980 1451 §-
998 1419 1035 1444 3.
1052 1419 1116 1444 Μα-
1137 1411 1139 1439 i

265 1471 363 1496 ritus.
401 1466 419 1493 I.
441 1467 503 1500 Sy.
532 1464 647 1491 Maritus.
669 1463 710 1490 Cf.
732 1463 756 1490 b.
777 1473 798 1489 v.
828 1461 948 1492 Nubere,
978 1459 1117 1486 Pervenire

267 1511 300 1538 ad
319 1510 525 1538 matrimonium,
550 1507 646 1533 Sortiri
671 1507 762 1533 virum.
788 1505 817 1532 fr.
838 1506 862 1531 8.
888 1504 920 1531 de
940 1503 1028 1530 Senat.
1051 1505 1073 1529 1.
1093 1504 1116 1530 9.

268 1555 298 1582 fr.
322 1556 359 1581 19.
380 1563 419 1591 pr.
440 1551 472 1578 de
492 1550 584 1577 iurisd.
608 1552 632 1576 2.
655 1551 676 1575 l.
700 1549 732 1576 cf.
759 1549 790 1576 fr.
809 1550 868 1575 242.
892 1548 912 1581 5
934 1548 958 1573 3.
984 1546 1016 1572 de
1035 1545 1067 1572 V.
1088 1546 1116 1572 S.

267 1598 366 1625 50.16.
398 1595 509 1628 stop.
531 1592 610 1620 onr.
631 1592 659 1619 ft·⁴
681 1594 704 1618 6.
725 1592 757 1618 de
777 1591 800 1618 h.
822 1592 865 1628 qui
886 1591 936 1617 sui.
952 1590 1010 1615 16.
1032 1588 1062 1616 fr.
1075 1590 1116 1615 33
1139 1603 1141 1614 κ

269 1641 301 1667 de
320 1639 351 1666 N.
372 1638 396 1665 G
423 1639 447 1664 3.
467 1640 490 1663 5.
511 1637 600 1663 Exter.
621 1635 653 1663 fr.
669 1637 692 1662 6.
712 1635 745 1662 de
764 1636 853 1661 servit.
873 1633 922 1669 leg.
941 1634 983 1659 33.
1003 1634 1028 1659 3.
1048 1632 1118 1658 Inter

268 1685 351 1710 virum
371 1687 397 1708 et
416 1690 534 1711 uxorem,
562 1695 594 1699 —
620 1678 690 1705 Inter
709 1683 850 1705 extraneos
875 1676 958 1708 (faeta
983 1675 1118 1707 donatio.)

269 1726 300 1753 fr.
319 1727 360 1752 24.
382 1724 414 1751 de
433 1723 521 1750 donat.
542 1723 588 1749 int.
610 1721 639 1748 V.
659 1724 700 1748 24.
723 1723 744 1748 1.
770 1720 812 1748 Cf.
833 1731 854 1746 v.
875 1720 1032 1746 Extraneus.
1053 1718 1074 1752 5.
1094 1720 1118 1744 3.
1141 1743 1143 1750 y

270 1769 314 1796 Ill.
329 1769 394 1796 Gn.
415 1767 444 1793 ln
457 1767 504 1793 viri
519 1767 560 1792 sui
573 1775 650 1792 manu
664 1775 731 1791 esse.
752 1763 808 1790 Gai.
829 1763 846 1789 I.
869 1765 926 1789 136.
944 1762 1121 1799 Excipiuntur

270 1817 297 1839 et
316 1811 440 1838 adfinium
460 1819 598 1847 personae,
623 1825 648 1828 —
671 1809 709 1834 vir
728 1813 754 1834 et
774 1817 848 1837 uxor,
869 1815 994 1843 sponsus,
1012 1815 1119 1843 sponsa.

272 1854 355 1881 Vatic.
382 1854 403 1888 5
428 1855 488 1879 302.
517 1852 666 1878 Divortium
687 1852 755 1877 inter
773 1851 855 1876 virum
875 1854 901 1875 et
921 1859 1029 1875 uxorem
1054 1848 1120 1875 lieri.

272 1898 302 1925 l'r.
318 1899 374 1923 101.
390 1898 412 1930 5.
429 1898 449 1922 l.
469 1895 502 1922 de
521 1894 552 1922 V.
567 1894 586 1921 S
608 1896 650 1920 50.
668 1896 706 1921 16Δ
727 1893 843 1920 Feminis
863 1892 891 1919 L.
909 1891 982 1923 Iulia.
1003 1902 1016 1918 a
1037 1896 1121 1918 morte

271 1941 329 1972 viri,
349 1941 408 1966 anni
429 1939 522 1965 tribuit
540 1939 708 1964 vacationem.
730 1936 788 1974 le⁴
809 1935 878 1962 XIV.
900 1937 920 1961 l.
941 1934 1011 1962 XVI.
1035 1937 1054 1961 1.
1075 1934 1123 1960 Vir
1143 1948 1145 1966 5

273 1989 300 2011 et.
319 1992 387 2010 uxor
407 1983 474 2008 inter
493 1992 535 2012 se,
561 1981 718 2007 matrimonii
739 1981 857 2011 nomine,
882 1979 1009 2005 decimam
1029 1987 1122 2014 capere

273 2030 395 2064 possunt.
427 2024 455 2051 ld
484 2023 541 2050 XV.
565 2026 584 2049 l.
605 2023 665 2050 xvl
696 2025 716 2049 1.
748 2022 869 2049 lntestati
895 2022 971 2048 datur
990 2021 1020 2047 B.
1040 2020 1068 2046 P.
1090 2036 1122 2039 —

274 2071 339 2101 viro,
359 2068 442 2095 uxori.
467 2066 495 2093 ld
523 2065 636 2093 XXVIII
664 2067 687 2092 7.

309 2112 457 2139 Vin-ens.
477 2109 597 2143 (Partie)
622 2110 749 2135 Viridis
788 2107 832 2134 ΙΙΙ.
847 2109 913 2136 Gn.
934 2107 1020 2144 Supra
1041 2108 1125 2133 viren—
1146 2111 1147 2124 ³

276 2161 315 2182 tes
335 2155 470 2181 ssumInum
490 2154 561 2190 ripas
590 2151 639 2178 Th.
660 2151 692 2178 C.
713 2150 768 2177 Vll.
791 2152 811 2176 1.
832 2160 853 2177 c.
876 2153 914 2177 13.
935 2150 967 2177 de
987 2150 1017 2177 R.
1038 2150 1070 2176 M.

312 2198 435 2224 Vires.
456 2196 497 2222 cf.
517 2205 538 2222 v.
560 2194 614 2221 Vis.

312 2241 441 2274 Virga.
466 2240 621 2266 Ramalnx
644 2238 759 2263 tenuis.
791 2235 911 2263 luen.
926 2235 1062 2271 Saligneas
1075 2236 1125 2261 vir-
1146 2234 1148 2244 '

277 2294 331 2321 gas,
350 2281 505 2310 instituendi
525 2280 611 2307 salicti
631 2289 717 2311 causa.
737 2279 859 2315 deligere.
876 2278 904 2305 fr.
919 2280 936 2304 3
963 2279 985 2312 5
1000 2281 1024 2304 3.
1040 2278 1124 2304 arbor.

278 2327 338 2353 furt.
358 2335 425 2352 cat-S.
445 2327 487 2351 47.
508 2326 531 2351 7.
570 2322 665 2350 Nullus
685 2324 710 2349 in
730 2321 851 2358 agitando
871 2322 941 2348 fuste
961 2326 1057 2351 utatur,
1078 2321 1125 2347 sed
1147 2343 1148 2349 ,

278 2374 323 2396 aut
341 2370 420 2404 virga,
439 2372 482 2394 aut
501 2371 572 2393 certe
592 2366 672 2402 flagro
693 2370 743 2392 etc.
763 2365 811 2392 Tb.
833 2364 863 2391 C.
884 2364 950 2391 Vlll.
965 2366 989 2390 5.
1010 2374 1031 2390 c.
1049 2366 1072 2389 2.
1093 2363 1125 2389 de
1147 2361 1149 2400 J

279 2422 358 2439 cursu
377 2411 439 2449 pub.
460 2410 556 2446 Virgis,
576 2414 619 2435 aut
639 2408 703 2435 loris
723 2408 869 2443 (adfligere,
890 2417 926 2434 sc.
941 2408 1067 2439 servum.)
1087 2406 1126 2432 lb.
1147 2418 1148 2424 ¹

278 2455 325 2482 lx.
346 2457 385 2480 12.
405 2464 426 2480 c.
448 2455 469 2480 l.
490 2453 523 2480 de
543 2451 644 2479 emend.
664 2461 730 2477 serv.
751 2450 819 2477 Colt.
841 2449 893 2477 LL.
915 2450 946 2477 ill⁴
967 2449 997 2476 Il.
1018 2451 1042 2476 4.

315 2497 508 2531 Virgilius.
522 2498 627 2523 Poe'ta
643 2496 723 2521 Rom.
738 2495 973 2521 celeberrimas.
1003 2492 1046 2519 ΙΙΙ.
1059 2493 1126 2520 Gn.

281 2540 349 2567 Cum
368 2544 473 2578 potitam
493 2539 614 2567 dicimus.
640 2547 688 2564 nec
707 2536 827 2564 addimus
847 2546 951 2567 nomen,
971 2535 1129 2562 subauditur

282 2597 315 2601 —
335 2582 402 2619 apud
422 2592 471 2608 nos
491 2581 625 2617 Virgilius
646 2580 667 2614 5.
687 2582 712 2606 2.
732 2580 748 2607 l.
770 2579 802 2606 de
822 2579 838 2606 Ι.
860 2578 889 2605 N.
913 2581 934 2605 l.
954 2581 977 2604 2.

318 2625 534 2659 Vll-ginali&
567 2623 705 2657 (Adiect.)
739 2624 785 2650 Ad
804 2623 948 2656 virgines
968 2627 1128 2656 spectans.

283 2667 327 2694 ΙΙΙ.
343 2668 407 2694 Gn.
428 2666 607 2694 verecundiae
627 2665 759 2702 virginalis
779 2670 877 2702 raptor.
899 2663 948 2690 Th.
969 2664 1001 2690 C.
1022 2663 1066 2690 IX.
1087 2666 1129 2690 38.

284 2721 306 2737 c.
319 2711 344 2736 6.
364 2708 396 2735 de
416 2710 511 2745 intlulg.
532 2711 596 2736 crim
625 2708 653 2735 Si
674 2708 804 2746 cupiditas
825 2706 959 2743 virginalis
982 2724 1011 2727 —
1032 2706 1130 2733 subdo-

286 2753 335 2780 lam
354 2751 513 2778 voluntatem
533 2752 648 2779 nubendi
667 2757 722 2778 arte
742 2751 880 2788 concipiat.
902 2749 967 2776 Nov.
987 2750 1078 2776 Maior.
1098 2749 1131 2776 de

286 2796 440 2822 sanetimon.
460 2793 502 2820 IV.
522 2797 544 2821 6.
565 2806 578 2821 c
609 2797 628 2821 l.
650 2804 688 2831 pr.

320 2837 539 2872 Virginitas.
560 2839 708 2864 Castitas
727 2844 754 2863 et
773 2838 956 2872 integritas
974 2836 1129 2870 υίνςὶιιίε.

1010 173 1090 205 Vlo
1106 191 1144 197 —
1160 173 1246 203 VIR.

1150 254 1193 281 III.
1206 255 1272 281 Cn.
1293 253 1453 280 Necessitati
1469 254 1608 280 continuae
1623 255 1779 291 virginitatis
1793 252 1914 280 addicere
1939 254 1998 281 Deo

1151 297 1236 324 dicata
1256 298 1400 333 virginitas.
1421 296 1485 323 Nor.
1505 296 1593 323 Maior.
1616 297 1632 324 l.
1652 297 1668 323 l.
1690 296 1731 323 IV.
1745 298 1768 323 6.
1789 307 1810 323 c.
1832 298 1855 322 l.
1875 306 1913 334 pr.
1934 296 1998 324 Cor-

1129 376 1130 379 *
1152 345 1237 377 rupta.
1258 355 1289 358 —
1311 339 1466 366 intemerata
1487 340 1646 375 (virginitas,
1665 339 1705 366 vel
1725 340 1855 370 castitas.)
1876 349 1897 365 c.
1920 340 1941 366 l.
1959 349 1991 376 pr

1153 383 1185 410 de
1205 387 1282 420 raptu
1305 383 1383 419 virgg.
1405 384 1428 408 9.
1452 384 1490 409 13.
1517 381 1566 408 Tb.
1588 382 1618 409 C.
1638 382 1682 410 IX.
1702 384 1726 409 3.
1751 393 1772 409 c.
1794 384 1816 409 1.
1841 383 1864 408 si
1883 392 1926 419 qu.
1946 392 2000 409 eam

1154 427 1203 453 cui.
1225 430 1273 452 tut.

1189 469 1315 503 Virgo.
1333 469 1365 502 §·
1378 470 1411 495 1.
1427 470 1560 495 Femina
1580 471 1722 504 integra,
1741 469 1821 505 (quae
1838 468 1887 494 viri
1908 477 2002 494 concu-

1154 512 1237 538 bitum
1262 521 1314 537 non
1339 516 1447 548 experta
1474 513 1540 543 est.)
1583 511 1602 537 I.
1623 513 1685 546 Sy.
1715 511 1790 546 Quae
1814 520 1925 548 corpore
1950 520 2002 538 non

1155 555 1333 582 convenerim.
1371 555 1446 590 Quae
1465 555 1580 590 virgines
1604 555 1734 580 mansisse
1753 553 1917 581 dicebantur.
1937 563 1957 580 c.
1978 555 2001 580 8.

1156 598 1188 625 de
1207 599 1299 624 incest.
1319 602 1391 634 nupt.
1411 600 1427 623 5
1455 600 1478 623 5.
1516 597 1547 624 ll.
1569 599 1637 631 (Dp.
1660 596 1762 624 Mulier.
1787 596 1829 623 Cf.
1848 596 1873 623 h.
1892 606 1917 623 v.
1937 597 1960 631 5.
1978 599 2003 623 2.

1155 640 1197 667 111.
1215 642 1281 668 Gn.
1301 639 1337 666 Vt
1355 641 1468 677 virgines
1488 641 1550 671 sint,
1569 639 1611 667 vel
1630 641 1653 666 si
1666 649 1746 666 unum
1760 639 1942 666 tantummodo
1961 638 2004 666 ba-

1156 684 1262 710 buerint
1290 684 1417 710 maritum.
1456 683 1503 710 lul.
1527 694 1567 721 ep.
1592 693 1650 710 nov.
1675 692 1697 709 c.
1716 684 1739 709 6.
1764 683 1786 717 5.
1805 683 1849 709 29.
1886 682 2003 714 Sacrata,

1156 737 1177 753 s.
1198 727 1292 753 Dicata
1312 725 1370 758 deo,
1389 727 1470 762 virgo.
1492 725 1541 753 Th.
1557 725 1703 753 C.1x.25.
1724 736 1743 752 c.
1761 727 1780 752 l.
1797 735 1855 762 sqq.
1876 724 1908 752 de
1928 729 2004 763 raptu

1156 780 1179 796 v.
1195 771 1304 796 matrim.
1318 771 1438 796 sanctim.
1460 769 1575 795 Vestalis
1594 770 1676 805 virgo.
1696 768 1738 795 Cf.
1752 778 1774 795 v.
1790 768 1914 795 Vestalis.
1934 768 2004 795 Non-

1158 813 1219 839 dum
1239 814 1399 849 viripotens,
1419 823 1440 839 s.
1459 812 1612 843 immatura,
1632 813 1712 848 virgo.
1737 811 1779 838 Cf.
1798 821 1820 838 v.
1840 811 2004 838 lmmaturus.

1157 855 1292 893 Virginem
1312 856 1392 882 liliam
1413 860 1523 893 nuptum
1543 855 1683 881 collocare.
1697 855 1728 881 fr.
1742 856 1782 881 41.
1802 855 1824 889 5.
1839 856 1861 881 7.
1877 854 1909 881 de
1928 853 2005 891 legat.

1159 899 1199 926 Ill.
1221 901 1289 933 (32.)
1310 899 1392 925 Vatic.
1414 899 1435 933 5.
1456 900 1496 925 96.
1518 914 1550 918 —-
1575 899 1606 932 ξ.
1623 900 1659 925 2.
1683 899 1748 930 Vir,
1768 900 1823 932 qui
1840 900 2006 925 abstinuit

1159 953 1187 969 se
1206 953 1222 969 a
1242 944 1465 976 complexibus
1482 943 1696 977 feminarum.
1733 940 1777 967 III.
1798 942 1864 968 Cn.
1890 940 1944 977 Qui
1963 940 2007 967 ba-

1159 985 1203 1011 bet
1223 1000 1254 1004 —
1275 995 1382 1011 uxorem
1403 989 1500 1011 castam
1524 988 1550 1009 et
1573 985 1657 1021 ipsam
1677 984 1709 1010 ab
1733 984 1793 1021 ipso
1812 984 1914 1020 virgine
1931 984 2007 1020 virgi-

1159 1038 1218 1054 nem
1237 1033 1395 1064 suseeptam.
1416 1027 1463 1053 lut.
1484 1037 1524 1063 ep.
1545 1036 1604 1052 nov.
1622 1036 1642 1052 e.
1663 1027 1687 1052 6.
1707 1026 1728 1060 5.
1748 1027 1790 1053 28.

1194 1071 1421 1105 virgultum.
1444 1071 1626 1096 Multitudo
1645 1071 1816 1105 virgarum
1834 1071 2009 1103 pullulan-

1159 1116 1208 1140 tia
1216 1123 1248 1140 711.
1286 1112 1329 1139 Ill.
1342 1114 1408 1140 Cn.
1428 1111 1526 1144 Insula,
1547 1122 1614 1148 quae
1628 1126 1660 1131 ——
1673 1112 1802 1148 virgultiS,
1822 1116 1867 1138 aut
1882 1111 1932 1139 alia
1948 1122 2008 1149 qua-

1160 1156 1225 1182 libet
1249 1155 1300 1182 lcvi
1325 1157 1445 1186 materia.
1469 1156 1504 1181 ita
1529 1155 1676 1181 sustinetur
1698 1156 1724 1181 in
1743 1155 1851 1181 flumine
1875 1160 1904 1182 ut
1922 1155 2009 1182 solum

1161 1201 1217 1226 eius
1238 1209 1290 1225 non
1310 1203 1404 1235 tangat.
1426 1198 1456 1225 fr.
1477 1200 1518 1225 65.
1538 1198 1560 1231 5.
1580 1200 1604 1223 2.
1625 1197 1658 1223 de
1677 1197 1708 1223 A.
1726 1196 1758 1224 R.
1778 1197 1811 1224 D.
1831 1199 1873 1224 41.
1894 1200 1916 1225 l.

1196 1242 1446 1272 Vin-idatium,
1460 1251 1480 1267 s.
1492 1240 1755 1267 Vin-idiarium.
1774 1241 1891 1272 Locus,
1908 1243 2009 1268 viren-

1161 1287 1246 1312 tibus
1273 1287 1443 1311 arboribus
1471 1286 1640 1318 herbisque
1669 1293 1828 1310 amoenuS.
1870 1282 1913 1310 ΙΙΙ.
1941 1284 2009 1311 Gn·

1137 1331 1139 1367 J
1161 1329 1195 1355 Et
1214 1329 1237 1354 si
1257 1327 1324 1354 sorte
1342 1327 1478 1364 voluptate
1498 1326 1546 1353 fuit
1562 1326 1708 1364 praedium,
1721 1325 1851 1358 viridaria,
1865 1326 1907 1352 vel
1925 1331 2009 1363 gesta-

1138 1405 1139 1409 *
1162 1373 1262 1403 tiones,
1286 1370 1328 1397 vel
1353 1369 1580 1396 deambulationes
1605 1382 1636 1386 —
1663 1379 1759 1407 opacas
1784 1374 1861 1405 atque
1887 1379 2009 1396 amoenas

1162 1415 1269 1441 habens.
1290 1413 1319 1440 fr.
1342 1415 1380 1440 13.
1401 1414 1422 1447 5.
1443 1415 1466 1440 4.
1487 1413 1519 1439 de
1539 1413 1620 1439 usufr.
1642 1414 1665 1440 7.
1688 1415 1708 1439 1.
1729 1412 1790 1450 le.
1809 1411 1853 1439 VI.
1875 1413 1915 1438 17.
1935 1411 1965 1439 fr.
1985 1414 2009 1439 8.

1162 1459 1184 1492 5.
1207 1460 1228 1484 1.
1249 1457 1281 1484 de
1301 1458 1377 1496 instr.
1397 1455 1446 1492 leg.
1465 1458 1506 1482 33.
1528 1457 1550 1482 7.
1588 1456 1676 1487 Dolia,
1698 1472 1729 1476 ——
1754 1455 1850 1492 quibus
1874 1459 1945 1481 terra
1969 1454 2011 1482 ad-

1139 1520 1140 1529 .
1162 1506 1234 1537 gesta
1249 1505 1297 1527 est.
1312 1505 1337 1526 et
1351 1501 1376 1526 iu
1391 1499 1431 1525 bis
1447 1499 1578 1526 viridiaria
1592 1500 1687 1536 posita.
1702 1498 1732 1525 fr.
1746 1500 1788 1525 26.
1802 1508 1842 1535 pr.
1858 1497 1892 1525 ib.
1906 1499 1948 1525 33.
1963 1499 1986 1525 7.

1196 1543 1358 1570 Vin-idm.
1384 1544 1534 1574 Arbores,
1555 1549 1583 1569 et
1600 1544 1756 1577 gramina
1776 1542 1929 1568 virentia.
1967 1540 2010 1568 111.

1164 1588 1230 1614 Gn.
1251 1586 1359 1617 Vividin.
1380 1590 1405 1611 et
1424 1596 1505 1622 aquae
1524 1585 1650 1612 salientes
1670 1590 1718 1611 etc.
1738 1584 1769 1611 fr.
1790 1585 1829 1611 79.
1850 1585 1870 1618 5.
1885 1585 1909 1610 2.
1929 1583 1962 1610 de
1982 1583 2011 1610 V.

1140 1662 1141 1666 Ἰ
1164 1629 1190 1656 S.
1210 1632 1251 1655 50.
1273 1631 1312 1655 16.
1333 1629 1433 1655 Viridia
1454 1628 1558 1660 tollere,
1579 1633 1623 1655 aut.
1644 1628 1822 1654 amoeniorem
1841 1631 2013 1665 prospectum

1140 1671 1141 1682 ³
1164 1678 1307 1710 praestare.
1328 1672 1358 1699 fr.
1382 1674 1420 1698 15.
1441 1673 1463 1705 5.
1486 1674 1506 1697 1.
1528 1673 1560 1698 de
1579 1672 1668 1698 servit.
1688 1674 1712 1697 ὅ.
1734 1673 1756 1697 l.
1777 1670 1808 1697 fr.
1829 1672 1870 1696 12.
1889 1669 1922 1696 de
1941 1670 1970 1696 S.
1984 1669 2012 1697 P.

1166 1715 1196 1742 V.
1216 1717 1240 1742 8.
1260 1718 1284 1741 2.

1200 1758 1354 1786 Viridis.
1369 1757 1499 1790 (Adit-ct.)
1523 1759 1673 1792 rigorem
1693 1758 1847 1783 retinens.
1866 1758 2012 1791 Vegettn.

1143 1801 1144 1841 ξ
1166 1801 1208 1828 lll.
1230 1803 1296 1829 011.
1321 1801 1432 1838 Semper
1451 1800 1528 1827 viridi
1548 1800 1714 1826 observantia
1734 1799 1852 1826 valituris
1877 1802 1932 1832 (se.
1953 1798 2014 1835 legi-

1167 1845 1242 1873 bus.)
1264 1844 1304 1870 Tb
1335 1844 1365 1870 C.
1385 1844 1455 1871 XVI.
1476 1846 1498 1870 5.
1520 1853 1540 1870 c.
1560 1845 1600 1869 65.
1623 1853 1644 1869 e.
1663 1844 1687 1869 3.
1708 1842 1740 1869 de
1759 1842 1856 1869 haeret.

1201 1888 1343 1914 Virilis.
1375 1886 1516 1921 (Adit-ct.)
1548 1886 1579 1919 §0
1595 1887 1629 1912 l.
1650 1888 1697 1912 Aa
1716 1888 1821 1912 viram
1838 1886 2014 1919 pertinent.

1166 1931 1185 1957 I.
1204 1932 1266 1965 Sy.
1292 1930 1461 1957 masculinus
1482 1929 1624 1956 Masculus.
1644 1928 1685 1955 Cf.
1706 1928 1730 1955 b.
1750 1939 1788 1955 vv.
1825 1927 1856 1954 ll.
1876 1929 1944 1961 ⁰1²·
1969 1927 2016 1954 Fe-

1167 1975 1291 2005 mininus,
1317 1973 1462 2000 Muliebris
1488 1972 1528 1998 Cf.
1553 1972 1577 1998 h.
1597 1981 1634 1998 vv.
1661 1970 1761 1998 Virilia.
1782 1987 1814 1991 —
1834 1970 1959 2001 puerilia,
1979 1985 2012 1991 --

1168 2016 1315 2048 muliebria,
1336 2032 1367 2036 —
1388 2016 1545 2042 Communia
1566 2015 1767 2047 (vestimenta.)
1787 2014 1817 2041 fr.
1836 2015 1878 2040 23.
1898 2014 1920 2047 5.
1939 2015 1964 2040 2.
1984 2012 2013 2040 fr.

1167 2061 1208 2086 33.
1229 2059 1261 2086 «le
1286 2069 1348 2086 auro
1373 2069 1424 2095 arg⁴
1445 2060 1485 2085 34.
1506 2061 1529 2084 2.
1567 2057 1610 2084 lll.
1631 2059 1697 2086 Cn.
1723 2057 1804 2084 Virile
1824 2066 1936 2094 corpus,
1962 2064 2014 2082 mu-

1169 2103 1288 2130 liebriter
1307 2103 1488 2132 constitutum,
1509 2101 1604 2134 (alieni
1625 2110 1705 2127 sexus
1725 2100 1849 2127 damnare
1868 2098 2013 2136 patientia.)

1170 2145 1219 2172 Tb.
1241 2146 1272 2173 C.
1293 2145 1339 2172 IX.
1359 2147 1382 2171 7.
1403 2155 1424 2171 c.
1443 2146 1467 2171 6.
1487 2144 1518 2171 ad
1539 2144 1567 2171 L.
1588 2143 1636 2170 lul.
1656 2143 1688 2170 de
1708 2143 1781 2170 adult
1817 2142 1902 2169 Sexus
1921 2139 2013 2167 virilis.

1146 2199 1148 2227 ζ
1170 2189 1225 2215 (ἰαὶ,
1241 2188 1258 2214 l.
1275 2190 1323 2214 156
1347 2190 1404 2215 195.
1419 2187 1448 2214 Il.
1465 2189 1520 2214 129,
1537 2189 1593 2214 135.
1616 2186 1677 2223 le.
1691 2185 1734 2212 VI.
1746 2188 1770 2213 2.
1785 2185 1829 2212 xl.
1843 2186 1866 2210 4.
1880 2183 1976 2210 XXVI.
1993 2185 2013 2210 1.

1170 2232 1200 2258 fr.
1223 2233 1244 2257 l.
1269 2241 1307 2269 pr.
1328 2231 1360 2257 de
1380 2232 1468 2257 senat.
1491 2232 1512 2256 1.
1532 2232 1555 2257 9.
1599 2229 1710 2256 Virilem
1731 2230 1844 2264 vigorem
1871 2226 2015 2264 (compleri

1147 2299 1148 2309 ,
1170 2280 1232 2312 post
1251 2275 1301 2300 boc
1322 2276 1446 2311 tempus)
1471 2273 1500 2299 fr.
1524 2275 1544 2299 1.
1570 2273 1591 2306 5.
1612 2276 1635 2300 2.
1656 2272 1688 2299 de
1707 2272 1797 2298 minor.
1817 2272 1841 2296 4.
1861 2271 1885 2296 4.
1925 2269 2015 2296 Virilis

1171 2319 1248 2344 animi
1268 2322 1315 2344 est.
1335 2317 1365 2343 l'r.
1386 2319 1410 2343 4.
1430 2317 1452 2350 5.
1473 2318 1496 2343 4.
1524 2317 1578 2352 Qui
1598 2320 1649 2353 pet.
1670 2319 1715 2341 tut.
1735 2315 1776 2340 26.
1795 2314 1819 2339 6.
1849 2313 1938 2350 Opera
1957 2313 2015 2339 viri-

1171 2361 1211 2387 lis.
1232 2361 1328 2387 Officia
1348 2360 1442 2386 virilia.
1467 2359 1496 2386 fr.
1520 2361 1559 2385 12.
1580 2358 1613 2385 de
1632 2356 1724 2384 edend.
1744 2358 1768 2382 2.
1790 2357 1828 2382 13.
1855 2355 1885 2383 fr.
1907 2357 1928 2382 l.
1949 2356 1972 2390 5.
1990 2358 2015 2382 5.

1171 2403 1203 2429 de
1223 2403 1320 2441 postul.
1340 2405 1357 2429 3
1381 2405 1401 2430 l.
1422 2413 1443 2429 c.
1457 2404 1481 2429 8.
1502 2402 1534 2429 ad
1554 2401 1620 2428 SC.
1642 2399 1709 2427 Vell.
1730 2402 1753 2425 4⁴
1768 2401 1809 2426 29.
1831 2415 1862 2419 —
1883 2399 1913 2432 §.
1929 2400 2014 2426 lul.

1175 2448 1308 2473 virilia.
1335 2447 1378 2483 (p.
1399 2456 1427 2472 se.
1447 2446 1523 2483 pos.)
1548 2446 1564 2471 i.
1584 2454 1605 2470 e.
1628 2444 1766 2469 Membra
1787 2444 1958 2477 genitalia
1982 2443 2015 2468 in

1171 2499 1266 2523 corpo
1276 2499 1306 2515 re
1326 2491 1434 2516 maris.
1472 2488 1515 2515 Ill.
1535 2488 1601 2515 Gn·
1625 2485 1654 2512 Si
1674 2487 1699 2512 in
1720 2495 1750 2511 eo
1774 2487 1828 2517 (se.
1848 2483 2016 2522 hermaphro-

1172 2531 1241 2563 dito)
1261 2531 1346 2558 virilia
1367 2531 1560 2569 praevalebunt.
1585 2529 1615 2555 l'r.
1635 2530 1659 2554 6.
1679 2529 1700 2562 5.
1719 2530 1743 2554 2.
1763 2527 1796 2554 de
1815 2527 1860 2554 lib.
1881 2532 1907 2554 et
1925 2527 2014 2565 posth.

1171 2576 1212 2600 28.
1233 2577 1257 2601 2.
1287 2591 1318 2594 —
1348 2575 1379 2608 §.
1397 2577 1432 2602 ᾖ.
1461 2576 1508 2601 Ad
1534 2574 1700 2606 singulum
1729 2573 1832 2598 cirum
1859 2576 2014 2604 spectant.

1173 2617 1215 2644 Ill.
1236 2619 1302 2646 Gn.
1327 2617 1362 2644 Vt
1381 2619 1444 2655 reip.
1464 2620 1560 2653 partu-s,
1586 2625 1633 2652 pro
1653 2614 1721 2641 virili
1739 2619 1825 2651 captu,
1852 2614 1961 2650 spernui
1980 2612 2014 2639 la-

1174 2661 1266 2688 borum
1286 2665 1435 2698 procurent.
1455 2659 1504 2685 Tb.
1525 2658 1555 2685 C.
1572 2657 1639 2684 VIII.
1654 2660 1677 2684 4.
1697 2667 1718 2683 e.
1733 2658 1756 2683 8.
1777 2667 1814 2694 pr.
1836 2656 1868 2682 de
1887 2654 2014 2682 cobortal.

1175 2703 1207 2731 cf.
1227 2703 1295 2730 xtlt.
1317 2705 1339 2730 1.
1360 2714 1381 2729 c.
1400 2703 1423 2728 6.
1444 2701 1477 2728 de
1496 2701 1571 2728 lustr.
1591 2700 1652 2727 coll.
1674 2716 1704 2720 -—-
1729 2700 1760 2733 §0
1780 2700 1866 2727 ΒΜΔ.
1887 2700 1934 2726 Ad
1951 2701 2014 2725 sin-

1173 2749 1282 2783 gulam
1308 2755 1527 2781 qaamcanque
1550 2753 1720 2779 personam
1741 2744 1916 2777 pertinens.
1955 2740 2015 2774 (Ad

1177 2795 1264 2828 partes
1284 2787 1445 2825 singulorum
1464 2792 1597 2825 spectans,
1610 2785 1754 2813 secundum
1774 2794 1908 2811 numerum
1927 2792 2015 2821 perso-

1177 2842 1265 2860 narum
1280 2830 1423 2868 aequaliter
1437 2830 1615 2862 constitutas.)
1644 2828 1662 2855 1.
1675 2829 1737 2863 Sy.
1746 2828 1862 2865 Aequae,
1874 2825 2013 2863 Aequales.
