2197 3121
1042 177 1134 207 PRA.

1888 179 1950 208 749

227 261 294 288 G‘n.
323 260 523 298 Pentaprotiae,
551 263 595 285 aut
618 259 694 285 etiam
717 259 810 284 tironis
830 259 1064 295 praesentationem
1086 259 1088 280 ¹.
1110 259 1180 292 (non
1200 258 1304 291 licere.)
1333 259 1363 286 fr.
1384 261 1407 286 9.
1433 260 1454 294 9.
1475 261 1498 286 4.
1519 259 1550 286 de
1569 259 1600 286 R.
1620 259 1654 286 D.
1676 260 1697 285 1.
1717 259 1741 284 8.
1778 258 1854 285 Iussu
1872 259 1949 295 magi-

1086 301 1088 351 ;
1109 307 1216 334 stratus,
1236 301 1277 328 vel
1291 301 1433 335 Praesidis‚
1452 302 1493 329 vel
1509 303 1617 329 alterius
1630 302 1777 339 potestatis.
1800 301 1830 327 fr.
1844 302 1868 328 3.
1888 302 1948 335 9.1.

229 303 277 337 [al.
298 302 518 340 praestationem]
538 301 704 338 adgnoscere.
727 311 748 327 c.
767 303 791 327 2.
811 300 844 327 de
862 302 929 338 priv.
949 310 1002 327 eor.
1022 311 1064 338 qu.

227 346 254 372 in
274 345 302 372 S.
322 345 373 383 pal.
395 348 434 372 12.
452 346 494 371 29.

265 388 504 416 Praesentia·
542 388 573 421 δ.
593 389 627 414 l.
649 388 846 420 Conspectus
874 386 928 419 (rei
949 391 991 411 aut
1009 395 1066 422 per·

227 432 332 463 sonae.)
369 431 387 458 1.
407 432 469 464 Sy.
493 429 636 461 Praesens,
662 429 690 455 In
710 430 864 466 praesentia.
891 428 947 455 Gai.
968 428 984 454 I.
1006 430 1064 455 121.

227 473 289 512 le.
308 474 379 501 XIX.
399 475 422 500 6.
451 472 568 499 Praesto.
605 472 633 499 Iu
658 473 806 510 praeseutia
825 471 928 505 (esse.)
957 470 1004 497 Iul.
1024 481 1063 508 ep.

226 527 286 544 nov.
307 528 328 544 c.
348 518 388 543 63.
408 517 430 550 9.
448 517 506 542 210.
543 515 584 542 III.
599 517 664 543 Cn.
685 515 790 551 Quodsi
809 515 976 541 exsistentes.
996 518 1021 539 et
1039 515 1065 539 in

225 560 373 597 praesentia
393 568 478 585 rerum
498 559 652 587 constituti.
676 561 769 595 (agere
788 557 944 588 noluerint.)
964 555 1013 582 Th.
1034 556 1064 583 C.

225 602 271 629 IV.
290 603 314 628 6.
339 612 359 628 c.
380 603 403 628 3.
424 601 536 634 (ch.)
560 601 591 628 de
610 606 692 627 natur.
713 601 749 627 fil.
794 600 855 635 Quo
875 599 976 625 facilius
996 600 1066 625 coire

226 660 259 664 —
273 646 385 682 possint,
405 645 430 670 in
451 644 560 670 eundem
580 643 666 670 locum
686 644 800 670 omnium
815 643 988 679 praesentiam
1008 642 1064 668 lieri

226 692 338 725 oportet.
358 687 388 714 sr.
409 689 430 714 l.
452 687 483 714 de
504 697 545 723 qu.
566 687 619 713 reb.
640 687 672 713 ad
692 685 767 713 eund.
787 685 839 711 iud.
856 687 930 711 1122.

225 782 301 799 conv.
320 774 361 799 27.
382 774 405 799 S.
426 772 457 799 cf.
478 772 506 799 fr.
529 775 585 799 124.
605 783 643 810 pr.
663 771 695 798 de
713 771 744 797 R.
764 770 782 797 I.
799 772 895 797 50.17.
916 770 960 803 (cf.
981 780 1004 796 v.
1025 770 1061 796 In.

225 815 247 849 9.
266 816 303 848 2.)
335 815 402 842 Cum
417 831 448 835 -
466 815 551 852 aliqua
571 815 676 842 fortuita
697 813 829 840 calamitas
849 813 958 839 eundem
980 812 1065 838 locum

224 859 328 891 evertit,
347 858 389 885 vel
402 859 576 896 praesentiam
590 858 703 884 venienti
718 855 892 893 periculosam
911 856 980 882 fecit.
1001 855 1030 882 sr.
1041 857 1064 881 2.

223 901 246 934 9.
266 902 290 927 8.
310 902 333 927 si
352 911 394 937 qu.
415 906 493 927 cautt.
507 903 586 927 211.
602 917 631 921 ·—
652 901 683 933 ἓ.
698 901 733 926 2.
751 901 885 933 Tempus
902 908 1062 932 praesens.

223 942 243 969 I.
263 944 324 977 Sy·
345 943 447 975 Statim,
467 943 551 975 Nunc,
571 943 598 969 In
618 943 760 980 praesenti.
780 952 800 968 s.
820 942 1064 979 inpraesentiarum.

223 985 254 1012 fr.
273 988 316 1012 22.
335 996 375 1022 sq.
395 986 427 1013 de
447 986 473 1012 S.
489 986 515 1012 P.
532 985 562 1012 V.
575 987 598 1012 8.
612 988 638 1012 2.
660 985 689 1011 fr.
705 987 728 1011 2.
749 985 770 1018 9.
784 987 825 1011 31.
846 995 878 1010 ue
898 995 940 1021 qu.
960 985 985 1010 in
1005 984 1064 1010 loco

223 1028 285 1066 pub.
306 1030 346 1055 43.
367 1030 390 1055 8.
428 1029 467 1055 III.
490 1030 555 1056 Cn.
580 1027 697 1065 Tempus
722 1029 745 1054 ei
769 1027 882 1054 dandum
902 1032 955 1058 est,
975 1032 1003 1053 ut
1022 1037 1064 1053 ex—

1110 344 1142 370 de
1161 344 1214 371 reb.
1229 354 1281 371 cor.
1296 354 1338 380 qu.
1353 354 1373 370 S.
1387 350 1434 372 tut.
1448 348 1490 372 27.
1510 348 1533 372 9.
1570 345 1649 383 Apud
1668 345 1854 381 magistratum,
1874 344 1949 371 Prae-

1109 387 1241 419 sidemve,
1265 387 1396 420 (vindicta
1421 390 1592 421 manumitti.)
1621 387 1680 424 le.
1704 387 1722 413 1.
1743 389 1766 413 7.
1804 387 1881 419 Cos,
1905 386 1949 413 vel

1108 430 1224 463 Praetor,
1244 430 1286 457 vel
1305 430 1414 457 Praeses
1434 433 1634 468 provinciarum.
1655 430 1710 456 Gai.
1724 429 1742 456 I.
1755 432 1813 456 200.
1834 429 1866 456 cf.
1886 429 1948 467 le.

1108 473 1192 500 XXV.
1215 476 1254 500 12.
1292 473 1412 505 Praetor,
1438 474 1480 500 vel
1504 475 1529 500 in
1554 474 1696 511 provinciis
1716 472 1825 499 Praeses
1844 474 1948 510 provin-

1109 517 1170 543 ciae.
1195 516 1251 543 Gai.
1271 517 1290 543 I.
1309 519 1351 544 29.
1375 516 1435 554 le.
1456 517 1497 543 III.
1516 518 1540 543 3.
1566 515 1634 542 VIII.
1653 519 1677 542 2.
1697 525 1755 552 sqq.
1792 516 1853 542 Duo
1872 515 1948 542 Prae-

1109 564 1189 588 tores,
1208 559 1323 586 urbanus
1343 565 1368 586 et
1387 561 1552 596 peregrinus,
1573 569 1682 596 qnorum
1702 560 1728 585 in
1748 560 1891 595 provinciis
1911 559 1948 585 iu-

1109 602 1288 629 risdictionem
1313 602 1451 629 Praesides
1476 614 1562 629 earum
1590 602 1693 629 habent.
1723 601 1779 627 Gai.
1799 601 1816 628 Ι.
1836 603 1859 628 6.
1897 600 1947 628 Per

1087 643 1088 648 ¹
1108 646 1274 680 magistratus
1293 645 1473 683 municipales,
1492 656 1523 672 ex
1537 647 1692 672 auctoritate
1705 644 1846 676 Praesidis,
1866 645 1947 678 (com-

969 684 997 711 Si
1018 684 1064 711 sari
1087 682 1088 693 ¹

225 735 322 767 potest,
342 735 368 756 et
386 731 620 767 inpraesentiarum
639 735 686 756 est.
706 729 736 755 fr.
757 730 778 754 1.
799 728 878 761 915.
898 727 930 753 de
950 728 1063 763 magistr.
1087 740 1088 744 =

1109 687 1193 725 pelli.)
1212 687 1284 714 Paul.
1304 688 1347 714 IV.
1367 690 1390 715 4.
1410 689 1432 722 9.
1451 691 1475 715 2.

1146 731 1392 762 Praesidalis,
1414 741 1435 758 s.
1457 730 1717 758 praesidialis.
1740 730 1876 763 (Adiect.)
1901 731 1948 756 Ad

1087 778 1088 783 ¹
1110 776 1295 800 Praesident
1322 781 1478 808 spectans.
1522 774 1564 800 III.
1585 776 1651 802 (7η.
1679 773 1721 799 Ad
1744 774 1826 799 instar
1849 773 1947 809 praesi—

223 1071 324 1101 hibeat.
351 1073 373 1098 si
398 1082 448 1098 non
474 1076 562 1108 potest
581 1071 814 1108 inpraesentiarum
834 1070 965 1096 exhibere.
990 1069 1019 1096 fr.
1041 1071 1063 1095 1.
1085 1070 1086 1091 l

222 1115 244 1148 9.
266 1116 288 1140 1.
309 1114 341 1140 de
361 1114 411 1140 tab.
432 1113 518 1140 exhib.
539 1116 579 1140 43.
600 1117 623 1140 5.
662 1114 736 1149 Quae
760 1114 786 1139 in
807 1114 953 1150 praesentia
974 1123 1063 1139 occur·
1085 1142 1086 1147 ¹

1084 1154 1086 1160 ’
1107 1160 1130 1184 4.
1151 1169 1171 1184 c.
1189 1160 1212 1184 4.
1233 1158 1264 1185 de
1287 1160 1414 1186 cohortal.
1452 1160 1504 1195 Qui
1530 1160 1669 1195 praesidali
1693 1159 1868 1186 iurisdictioni
1887 1158 1948 1185 sub·

222 1167 280 1184 rere
299 1167 351 1183 non
371 1158 482 1194 possint⁷
503 1161 529 1182 et
548 1156 579 1183 ad
593 1158 709 1183 incertos
727 1166 802 1182 casus
816 1157 956 1192 pertinent.
977 1155 1006 1182 fr.
1021 1157 1062 1182 53.

222 1200 255 1227 de
275 1200 305 1227 V.
326 1200 358 1226 O.
377 1201 419 1225 45.
441 1201 463 1226 l.
500 1199 597 1226 Eorum
617 1201 642 1225 in
662 1200 809 1236 praesentia
828 1199 924 1225 mentio
944 1198 1062 1224 habenda

222 1248 269 1270 cst.
289 1242 319 1269 fr.
339 1244 363 1269 2.
383 1243 404 1276 9.
424 1243 465 1268 35.
486 1241 518 1268 de
538 1242 570 1268 O.
591 1242 608 1268 l.
630 1244 652 1268 1.
671 1244 694 1268 2.

259 1285 546 1312 Praesentialis.
584 1284 626 1311 Cf.
640 1295 663 1311 v.
678 1284 863 1311 Praesentalis.

257 1328 521 1361 Praesepiluu-
559 1327 602 1354 Cf.
622 1338 646 1354 v.
665 1327 836 1354 Praesidium.

256 1371 503 1398 Praesertim.
536 1370 656 1403 (Advb.)
688 1373 880 1405 Praecipue,
912 1371 1085 1396 Maxime.-

219 1413 260 1440 IlI.
282 1415 347 1441 Cn·
376 1413 477 1439 Poterit
500 1412 683 1445 nihilominus,
703 1429 735 1432 —
760 1413 916 1449 praesertim
936 1422 994 1439 cum
1013 1417 1062 1438 etc.
1083 1404 1084 1428 l

1083 1465 1084 1486 t
1106 1459 1138 1486 de
1157 1460 1239 1496 princ.
1265 1465 1347 1496 agent.
1367 1461 1394 1486 in
1413 1460 1466 1487 reb.
1504 1461 1557 1496 Qui
1582 1462 1607 1486 in
1632 1461 1777 1497 provinciis
1801 1460 1947 1490 comitivae,

220 1514 251 1519 —
271 1509 356 1536 praes.
378 1509 436 1526 cum
461 1498 628 1524 interdictum
649 1504 697 1525 etc.
722 1498 752 1525 fr.
772 1500 813 1524 32.
832 1509 872 1536 pr.
893 1498 924 1525 ad
943 1498 973 1524 L.
992 1498 1061 1534 Aqu.
1082 1530 1084 1535 Ι

329 1542 358 1568 Si
386 1541 457 1568 nulla
485 1541 629 1568 difficultas
653 1557 685 1561 —
710 1541 847 1579 impediat,
873 1557 904 1560 —
929 1551 1014 1578 praes.
1039 1542 1084 1572 si,

219 1456 251 1483 fr.
264 1458 288 1482 3.
308 1466 347 1494 pr.
367 1456 400 1482 dc
419 1456 464 1482 lib.
485 1455 553 1481 hom.
574 1455 660 1482 exhib.
681 1458 721 1482 43.
741 1458 782 1482 29.
820 1455 946 1492 Sequitur
965 1460 994 1482 ut
1013 1460 1061 1481 etc.

218 1544 242 1569 9.
266 1544 290 1568 2.

219 1586 289 1611 omni
309 1590 428 1622 tempore
446 1589 553 1622 paratus
573 1584 622 1611 fuit
641 1589 689 1611 etc.
710 1584 739 1611 sr.
758 1586 783 1611 3.
803 1585 824 1618 9.
838 1586 861 1610 4.
883 1584 915 1610 de
934 1584 964 1610 A.
985 1583 1013 1610 E.
1029 1583 1060 1609 V.

220 1629 260 1654 19.
281 1629 303 1653 l.

257 1671 432 1697 Praeses.

220 1712 239 1739 I.
259 1714 320 1747 Sy.
346 1713 399 1748 Qui
419 1718 523 1750 praeest
542 1714 683 1746 (armato.)
704 1713 733 1739 fr.
753 1714 776 1739 6.
797 1713 818 1746 9.
837 1714 862 1739 2.
883 1712 912 1739 fr.
934 1715 973 1739 12.
993 1713 1059 1746 9.1.

219 1755 252 1781 de
270 1755 301 1782 R.
321 1756 354 1782 M.
374 1758 414 1782 49.
438 1757 476 1782 16.
514 1755 554 1781 lll.
575 1757 640 1783 Gn.
665 1756 693 1782 Si
713 1755 856 1793 praesidis,
881 1756 922 1782 vel
943 1756 1059 1782 cuiusvis

220 1799 372 1835 praepositi,
393 1798 423 1824 ab
443 1798 616 1825 excubatione
635 1800 694 1835 quis
715 1798 832 1824 desistat.
852 1798 882 1824 t'r.
901 1800 925 1824 3.
945 1798 966 1832 9.
981 1799 1004 1824 6.
1024 1797 1059 1824 ib.

219 1842 261 1867 49.
288 1841 327 1866 16.
352 1856 383 1860 —
409 1842 439 1874 §-
460 1842 495 1867 2.
518 1844 580 1874 Qui
598 1843 764 1868 tribunali
780 1847 920 1875 praeest.
957 1840 975 1867 I.
997 1842 1058 1875 Sy.

218 1883 335 1910 Praetor.
356 1883 385 1909 fr.
407 1885 445 1909 15.
467 1883 499 1910 de
517 1883 608 1910 iurisd.
628 1886 651 1909 2.
674 1885 695 1909 1.
733 1883 772 1909 Ill.
797 1885 862 1911 Gn.
886 1883 1059 1921 Adparitione

218 1926 347 1963 praesidis
375 1927 582 1958 interveniente,
610 1927 667 1952 sine
695 1927 802 1952 notione
830 1927 924 1953 iudicis
953 1932 1082 1963 coactus3

218 1969 288 1995 dare.
313 1968 343 1995 I'r.
362 1970 404 1994 23.
429 1969 449 2002 9.
469 1970 493 1995 3.
519 1969 571 2004 Qu.
595 1973 655 1994 met.
681 1978 702 1994 c.
727 1969 750 1994 4.
770 1970 794 1994 2.
824 1985 854 1988 —
884 1970 914 2002 §0
935 1970 972 1996 3.
995 1971 1059 2002 Qui
1080 1979 1082 2001 ς

1080 2033 1082 2047 ,v
1104 2027 1124 2043 c.
1136 2019 1176 2043 56.
1196 2017 1217 2050 9.
1231 2018 1289 2042 200.
1327 2016 1417 2049 Iudex,
1437 2018 1481 2053 qui
1502 2018 1652 2054 provinciae
1671 2016 1812 2054 praesidet.
1832 2015 1943 2041 Praeses

1081 2048 1082 2053 ’
1103 2069 1177 2096 prov.
1204 2058 1252 2085 Th.
1274 2059 1304 2085 e.
1324 2059 1394 2086 xv1.
1413 2061 1436 2086 6.
1462 2070 1482 2086 c.
1503 2062 1525 2086 4.
1546 2070 1585 2098 pr.
1608 2070 1640 2086 ne
1660 2059 1687 2086 s.
1707 2059 1777 2096 bapt.
1813 2058 1855 2084 111.
1877 2059 1943 2085 cn.

218 2013 338 2038 Rector
354 2013 546 2045 provinciae
565 2013 769 2038 conslz'cutus
788 2018 845 2043 est,
861 2013 984 2044 (maxime
997 2012 1058 2038 olim

218 2055 245 2080 in
258 2055 402 2090 provinciis
418 2054 561 2087 Caesaris)
597 2053 615 2080 I.
630 2055 691 2088 Sy.
711 2053 744 2084 Is.
764 2055 807 2090 qui
822 2056 972 2091 provinciae
988 2065 1060 2092 prae-

219 2102 267 2129 est,
286 2107 310 2123 v.
331 2098 493 2134 provinciam
512 2098 585 2133 regit.
607 2096 636 2122 sr.
655 2098 679 2122 3.
704 2096 733 2123 fr.
753 2100 777 2123 8.
798 2107 837 2133 sq.
858 2097 886 2123 l‘r.
909 2099 948 2124 12.
968 2098 998 2124 sr.
1020 2100 1059 2124 15.

219 2148 259 2175 sq.
279 2139 311 2165 de
330 2139 373 2165 oss'.
389 2138 476 2165 Praes.
492 2141 513 2165 1.
530 2141 567 2165 18.
604 2138 777 2166 Provincialis
796 2140 883 2167 iudex.
905 2140 954 2166 Th.
969 2140 999 2166 C.
1013 2140 1057 2167 lx.

221 2183 243 2207 1.
264 2191 285 2207 c.
300 2183 338 2207 13.
359 2181 391 2208 de
410 2192 494 2208 accus.
516 2187 541 2207 et
560 2183 638 2208 inser.
674 2181 718 2208 III.
733 2184 799 2210 Gn.
818 2182 951 2209 Praesidis
965 2193 1058 2209 nomen

219 2223 339 2259 generale
358 2230 406 2256 est,
426 2235 510 2261 eoque
530 2229 555 2250 et
574 2224 705 2253 Procoss..
725 2230 750 2251 et
769 2225 860 2261 Legati
879 2226 1013 2258 Caesaris,
1034 2231 1059 2253 et

219 2276 310 2292 omnes
328 2268 476 2302 provincias
495 2273 615 2303 regentes
629 2282 661 2286 -
677 2268 850 2305 adpellantur.
888 2268 1058 2295 Proconsulis

219 2308 360 2345 adpellatio
381 2310 501 2345 specialis
516 2316 562 2337 est.
584 2310 613 2336 fr.
629 2313 650 2337 1.
671 2310 687 2337 l.
706 2311 721 2337 l.
738 2313 759 2337 1.
776 2313 815 2338 18.
843 2311 952 2338 I’raescs
973 2322 1056 2349 prov.,

219 2350 262 2377 vel
282 2350 388 2377 Procos.
409 2351 480 2378 Paul.
500 2353 516 2380 l.
537 2354 599 2379 6.A.
620 2354 641 2387 9.
661 2355 684 2379 4.
705 2354 736 2380 cs.
757 2353 787 2380 fr.
807 2356 831 2380 δ.
851 2364 891 2391 sq.
911 2355 927 2381 l.
947 2354 964 2381 l.
981 2357 1001 2381 1.
1018 2357 1057 2382 18.
1078 2351 1080 2381 J

219 2393 337 2424 Praeses,
358 2393 399 2419 vel
419 2393 560 2422 Coi-rector
578 2397 737 2433 provinciae.
758 2397 788 2423 fr.
808 2399 849 2423 20.
864 2398 895 2424 cl‘.
916 2398 944 2424 l'r.
961 2400 1000 2424 10.
1016 2409 1056 2435 sq.

218 2437 253 2462 ib.
276 2439 297 2463 l.
318 2437 357 2462 18.
395 2435 551 2464 Procurator
570 2439 706 2471 Caesaris,
727 2455 757 2459 —-
782 2441 804 2465 si
823 2439 956 2467 Praesidis
979 2443 1058 2479 parti-

218 2479 268 2505 bus
293 2480 318 2505 iu
342 2480 477 2516 provincia
502 2480 628 2516 fungatur.
654 2482 723 2509 Coll.
745 2482 797 2508 LL.
817 2482 850 2509 Μ.
870 2483 940 2510 XIV.
960 2486 984 2510 3.
1027 2484 1057 2511 Si

219 2522 309 2548 eadem
328 2523 472 2558 provincia.
492 2528 582 2558 postea
596 2523 687 2557 divisa,
707 2525 756 2551 sub
771 2525 874 2552 duobus
887 2526 1056 2554 Praesidibus

219 2565 361 2591 constituta
386 2569 433 2590 est.
463 2564 493 2591 [ι’.
512 2567 535 2591 3.
562 2565 594 2591 de
617 2567 659 2593 off.
684 2567 784 2595 adsess.
807 2571 827 2595 l.
847 2571 889 2595 22.
933 2571 1056 2596 Omnium

218 2606 371 2633 Praesidum
391 2608 552 2638 (communia
572 2610 658 2640 sunt..)
683 2610 713 2637 fr.
734 2613 756 2637 9.
781 2613 802 2645 9.
823 2614 846 2638 6.
866 2612 898 2638 de
918 2613 960 2638 off.
982 2612 1055 2640 Proc.

218 2654 245 2676 et
268 2649 329 2685 Leg.
356 2651 377 2674 l.
405 2651 443 2675 16.
486 2650 651 2685 Quibusdam
674 2651 842 2681 Praesidibus
867 2671 899 2675 -—
928 2655 1056 2683 indultum

218 2697 273 2723 est,
298 2706 331 2711 -—
356 2696 383 2717 ut
407 2691 576 2718 Praesidibus
601 2692 735 2728 Syriarum
761 2702 786 2723 et
809 2698 956 2724 Daciarum.
981 2698 1011 2725 l'r.
1032 2701 1054 2726 7.

217 2735 240 2768 §.
261 2735 300 2760 14.
321 2734 353 2760 de
372 2734 466 2760 interd.
486 2740 512 2760 et
531 2735 607 2772 releg.
623 2737 663 2762 48.
682 2738 723 2763 22.
759 2738 909 2767 Praesidem
930 2743 985 2768 eius
1005 2743 1054 2775 (sc.

217 2782 324 2813 quartae
337 2777 487 2810 Armeniae)
507 2778 680 2805 Consularem
700 2789 758 2806 esse
775 2782 858 2809 iussit.
878 2784 925 2811 Iul.
940 2795 980 2822 ep.
995 2795 1053 2812 nov.

220 2829 241 2845 c.
252 2821 293 2846 39.
314 2820 408 2854 9167.
446 2819 509 2846 Sine
526 2819 665 2858 Principis,
684 2821 726 2848 vel
740 2821 880 2859 praesidis,
899 2829 1054 2855 auctoritate

1109 816 1185 842 dialis
1206 816 1317 848 decreti,
1343 818 1479 843 concessio
1499 816 1654 854 Principalis
1675 815 1782 842 accedit.
1811 826 1831 842 c.
1850 817 1874 841 2.
1895 815 1946 850 Qu.

1109 858 1178 885 decr.
1199 869 1240 896 op.
1261 870 1284 885 n.
1306 865 1353 886 est.
1373 862 1395 886 5.
1417 862 1457 887 72.
1495 860 1548 895 Qui
1575 859 1606 886 de
1630 860 1735 885 statutis
1754 858 1947 896 praesidalibus

1109 907 1313 938 conqueruntur.
1341 902 1390 929 Th.
1412 903 1442 929 C.
1462 903 1480 929 I.
1500 906 1523 929 5.
1549 913 1569 929 c.
1589 905 1612 929 2.
1633 901 1746 935 (ch.)
1771 901 1803 927 de
1826 901 1870 927 off.
1894 900 1946 927 Prf.

1109 943 1150 970 Pr.
1188 944 1318 980 Quisquis
1338 956 1369 971 ex
1389 956 1496 972 numero
1511 945 1698 972 ordinat-iarum
1712 949 1880 982 potestatum,
1900 953 1947 969 seu

1108 987 1255 1013 consularis
1274 987 1517 1019 administrationis,
1537 999 1583 1015 seu
1603 989 1715 1015 nominis
1728 986 1884 1024 praesidalis
1897 991 1946 1013 etc.

1108 1030 1145 1056 Ib.
1166 1030 1208 1056 VI.
1228 1032 1269 1056 22.
1290 1041 1311 1057 c.
1333 1033 1354 1057 7.
1376 1032 1434 1065 9.1.
1455 1031 1487 1057 de
1506 1031 1597 1057 honor.
1618 1031 1700 1058 codic.
1721 1030 1752 1057 cl'.
1767 1030 1811 1057 IX.
1824 1031 1866 1057 26.
1887 1040 1907 1057 c.
1922 1031 1946 1056 4.

1108 1073 1139 1099 ad
1153 1072 1182 1099 L.
1200 1073 1247 1099 Iul.
1268 1073 1299 1100 de
1319 1074 1385 1100 amb.
1424 1075 1486 1109 Qui,
1506 1074 1591 1100 officia
1610 1073 1765 1111 praesidalia
1785 1073 1947 1104 deserentes,

1107 1116 1139 1142 ad
1158 1122 1317 1143 sacramenta
1342 1117 1448 1144 militiae
1471 1116 1620 1153 adspirasse
1644 1121 1796 1143 noscuntur.
1822 1116 1858 1142 Ib.
1878 1115 1946 1142 VIII.

1084 1195 1085 1212 1
1107 1203 1167 1228 iecti
1187 1207 1255 1228 sunt.
1276 1213 1297 1229 c.
1316 1205 1357 1229 37.
1382 1204 1402 1237 9.
1423 1205 1447 1229 2.
1468 1202 1500 1228 dc
1520 1204 1599 1239 episc.
1621 1208 1646 1229 et
1665 1202 1724 1229 cler.
1747 1205 1768 1228 1.
1788 1204 1811 1229 3.
1848 1201 1891 1228 Ad
1910 1202 1947 1228 iu-

1084 1263 1085 1273 .
1107 1244 1202 1271 dicium
1222 1245 1368 1282 praesidale
1387 1247 1492 1272 remitti.
1513 1256 1533 1271 e.
1553 1247 1576 1271 3.
1597 1245 1629 1271 de
1648 1245 1740 1282 pedan.
1760 1245 1811 1271 iud.
1831 1247 1856 1272 3.
1875 1247 1899 1271 3.

1144 1289 1403 1315 Praesidatus.
1423 1289 1540 1321 (Subst.)
1562 1290 1722 1323 Dignitas
1740 1289 1945 1322 praepositi,

1107 1334 1154 1358 vel
1170 1333 1347 1366 praefecti.
1384 1331 1427 1358 111.
1447 1334 1513 1360 Cn.
1541 1331 1588 1358 His
1609 1331 1727 1368 quidem.
1753 1331 1796 1367 qui
1816 1329 1947 1368 praesida-

1106 1379 1160 1400 tum
1180 1375 1322 1409 gesserint,
1342 1374 1435 1401 cedere
1455 1376 1507 1408 (sc.
1528 1380 1634 1411 agentes
1654 1375 1680 1400 in
1699 1373 1806 1405 rebus.)
1826 1373 1873 1400 sed
1892 1383 1947 1405 eos,

1106 1418 1150 1453 qui
1170 1416 1309 1443 rationales
1330 1417 1434 1449 suerint,
1453 1419 1614 1455 praevenire.
1635 1417 1684 1444 Th.
1705 1416 1736 1443 C.
1756 1415 1800 1443 Vl.
1819 1417 1860 1443 28.
1882 1426 1902 1442 c.
1922 1418 1946 1441 ¹2.

1107 1507 1132 1528 et
1157 1502 1332 1539 praesidatus,
1362 1508 1404 1530 aut
1428 1504 1557 1529 rationum
1577 1503 1698 1540 epistolis
1718 1503 1866 1529 honorariis
1885 1502 1946 1528 nixi.

1106 1545 1142 1571 Ib.
1163 1545 1230 1571 YIII.
1250 1547 1274 1571 5.
1296 1556 1315 1572 c.
1335 1548 1376 1572 23.
1396 1557 1435 1583 pr.
1456 1546 1488 1573 de
1508 1556 1586 1572 cursu
1606 1546 1667 1583 pub.

1143 1589 1385 1616 Praesidens.
1424 1591 1567 1616 I’raeses.
1606 1589 1624 1615 I.
1645 1590 1706 1623 Sy.
1737 1587 1853 1614 Praesul.
1878 1586 1945 1613 Nov.

1081 1651 1083 1665 ff
1106 1630 1164 1657 Val.
1185 1631 1226 1657 III.
1252 1631 1284 1657 de
1303 1631 1407 1668 palatin.
1428 1632 1457 1658 lt.
1478 1634 1499 1659 7.
1521 1643 1541 1659 c.
1560 1634 1583 1658 3.
1610 1633 1646 1666 99.
1669 1634 1690 1657 1.
1711 1641 1749 1667 sq.
1787 1630 1945 1661 Moderatm,

474 1671 505 1704 §-
531 1671 565 1696 1.
594 1672 804 1706 Praefectus,
833 1671 1082 1704 Praepositzcs.'

1105 1673 1223 1705 Praeses,
1244 1674 1342 1701 nector
1361 1676 1554 1712 (provinciae.)
1581 1674 1630 1701 Th.
1651 1673 1681 1700 C.
1702 1674 1719 1700 I.
1742 1675 1779 1700 16.
1801 1684 1821 1700 c.
1842 1674 1865 1699 8.
1886 1682 1944 1709 sqq.

1104 1716 1218 1749 (ch.)
1239 1714 1271 1743 dc
1290 1718 1332 1744 ott.
1353 1717 1427 1743 Rect.
1447 1717 1488 1744 Pr.
1526 1717 1568 1744 III.
1589 1719 1655 1744 Cn.
1680 1716 1771 1752 Neque
1794 1716 1946 1753 provinciae

1104 1764 1198 1789 rector,
1219 1764 1261 1785 aut
1280 1760 1433 1797 praesidens
1452 1761 1563 1786 vicariae
1576 1760 1710 1797 potestati,
1729 1764 1773 1786 aut
1791 1760 1848 1796 ipsa
1868 1759 1946 1784 etiam

1104 1801 1273 1838 praefectura.
1293 1802 1330 1828 Ib.
1344 1802 1400 1829 XII.
1416 1805 1454 1829 12.
1475 1813 1494 1829 c.
1509 1804 1532 1829 9.
1545 1813 1583 1839 pr.
1604 1803 1636 1829 ‹le
1655 1802 1730 1838 legat.
1751 1807 1777 1828 et
1795 1802 1864 1828 decr.
1892 1800 1946 1827 Ad-

1104 1846 1234 1881 paritores
1253 1845 1465 1882 praesidentium.
1491 1846 1527 1872 Ib.
1548 1845 1615 1872 Vlll.
1637 1847 1658 1872 7.
1679 1856 1699 1871 c.
1721 1847 1760 1871 12.
1780 1855 1820 1881 sq.
1840 1844 1873 1871 de
1892 1843 1945 1870 div.

1104 1887 1172 1914 offic.
1196 1888 1250 1920 (Cf.
1270 1898 1292 1914 v.
1313 1888 1487 1921 Praesidere.)

1142 1931 1381 1958 Praesident·
1420 1934 1602 1958 Praesident
1621 1942 1699 1963 esse,
1726 1933 1887 1958 Praeesse.
1924 1929 1942 1955 I.

1104 1975 1165 2008 Sy.
1190 1974 1258 1999 Ante
1281 1974 1380 2000 sedere.
1410 1973 1476 2000 Nov.
1496 1976 1537 2001 62.
1565 1985 1585 2001 c.
1608 1977 1628 2001 l.
1654 1974 1675 2008 9.
1695 1976 1719 2000 2.
1751 1973 1797 2000 lul.
1823 1984 1862 2010 ep.
1883 1982 1942 1998 ηον.

1103 2103 1223 2128 Annuam
1247 2104 1383 2139 pecuniam
1412 2102 1444 2129 ad
1470 2103 1547 2129 ludos
1573 2104 1672 2129 civitati
1699 2102 1818 2138 reliquit,
1846 2100 1942 2137 quibus

1103 2144 1253 2182 praesidere
1277 2145 1388 2172 heredes
1412 2146 1505 2172 voluit.
1532 2146 1560 2172 l'r.
1580 2147 1603 2172 6.
1629 2146 1661 2172 de
1685 2155 1742 2171 ann.
1762 2144 1837 2181 legat.
1857 2146 1898 2170 33.
1920 2145 1942 2170 l.

1104 2188 1156 2223 Qui
1178 2189 1267 2214 cursui
1291 2188 1462 2226 praesederit.
1487 2188 1536 2215 Th.
1557 2188 1587 2215 C.
1610 2188 1650 2214 Vl.
1669 2189 1710 2214 29.
1736 2198 1756 2213 c.
1776 2189 1800 2213 2.
1824 2187 1846 2221 9.
1866 2188 1890 2212 4.
1910 2186 1942 2212 de

1103 2232 1198 2257 curios.
1236 2231 1289 2267 Qui
1309 2233 1366 2258 vice
1385 2237 1474 2257 nostra
1493 2231 1643 2257 huiusmodi
1663 2230 1856 2267 cognitionibus
1870 2240 1942 2266 prae-

1103 2274 1197 2300 sident.
1222 2274 1257 2300 Ib.
1278 2274 1322 2301 XI.
1341 2277 1383 2301 30.
1409 2285 1429 2300 c.
1449 2275 1490 2300 28.
1511 2274 1542 2300 (le
1562 2284 1620 2310 app.
1641 2278 1666 2299 et
1686 2284 1761 2310 poen.
1782 2273 1812 2299 ct'.
1833 2272 1879 2298 Iul.
1900 2282 1939 2308 ep.

1103 2327 1162 2344 nov.
1183 2328 1204 2343 c.
1220 2318 1277 2343 108.
1297 2318 1318 2351 9.
1332 2319 1390 2343 389.
1428 2317 1539 2345 ludices.
1559 2316 1668 2343 cuilibet
1687 2316 1792 2342 culmini
1812 2315 1940 2341 honorive

1102 2359 1292 2396 praesidentes.
1317 2359 1366 2386 Th.
1388 2359 1419 2386 C.
1440 2360 1483 2386 IX.
1504 2362 1544 2386 36.
1570 2370 1590 2386 c.
1610 2362 1634 2386 2.
1659 2364 1687 2385 ut
1706 2360 1771 2385 intra
1791 2369 1847 2384 ann.
1869 2359 1940 2383 crim.

1101 2402 1327 2439 Archiepiscopus
1351 2419 1382 2422 —
1407 2402 1533 2429 ecclesiae
1557 2402 1717 2439 praesidens.
1743 2412 1763 2428 c.
1784 2403 1823 2427 14.
1844 2411 1883 2438 pr.
1907 2400 1940 2426 de

1102 2444 1150 2471 SS.
1172 2445 1234 2471 eccl.
1256 2447 1276 2471 1.
1296 2447 1320 2470 2.

1140 2488 1392 2515 Praesidiuln.
1433 2488 1464 2521 ᾖ.
1485 2489 1519 2514 l.
1549 2490 1651 2514 Locus
1674 2489 1835 2518 munitus,
1862 2488 1939 2513 Pro-

1100 2533 1332 2566 pugnaculum.
1374 2529 1415 2556 III.
1436 2532 1502 2558 (7η.
1528 2530 1577 2557 Per
1601 2530 1703 2556 diversa
1728 2529 1784 2555 loca
1809 2529 1939 2565 praesidia

1101 2573 1249 2610 disponere.
1271 2571 1337 2598 Nov.
1357 2572 1414 2598 Val.
1434 2573 1476 2599 III.
1496 2573 1528 2599 de
1547 2572 1619 2599 redd.
1640 2573 1694 2598 iure
1714 2581 1774 2598 arm.
1793 2571 1859 2598 11.9.
1880 2582 1901 2598 c.
1916 2574 1938 2598 1.

1100 2615 1128 2641 In
1152 2615 1283 2652 praesidio
1309 2616 1372 2651 capi.
1403 2615 1432 2641 fr.
1453 2618 1475 2642 5.
1505 2616 1526 2649 9.
1551 2618 1574 2641 5.
1599 2615 1631 2641 de
1654 2614 1684 2640 R.
1709 2613 1743 2640 Μ.
1766 2616 1807 2640 49.
1833 2615 1872 2640 16.
1910 2614 1938 2640 In

1100 2658 1229 2695 praesidia
1249 2657 1364 2684 hostium
1383 2658 1499 2695 perduci.
1522 2657 1552 2683 fr.
1573 2659 1596 2683 5.
1616 2658 1637 2690 9.
1660 2659 1681 2683 1.
1706 2656 1736 2683 fr.
1756 2659 1795 2683 12.
1820 2657 1842 2691 9
1862 2658 1885 2684 9.
1906 2657 1939 2684 de

1076 2722 1077 2727 .
1100 2702 1194 2737 captiv.
1219 2702 1259 2727 49.
1288 2702 1325 2726 15.
1354 2717 1387 2720 —
1415 2702 1446 2734 ξ.
1467 2702 1502 2726 2.
1532 2701 1716 2732 Auxilium,
1743 2702 1936 2727 Subsidium.

1099 2743 1140 2769 III.
1156 2744 1221 2771 Cn.
1244 2743 1381 2769 Adversus
1402 2743 1542 2769 calumnias
1562 2743 1709 2769 firmissima
1729 2748 1790 2769 sunt
1808 2742 1937 2780 praesidia

1099 2790 1253 2822 comparata.
1279 2785 1328 2812 Th.
1349 2786 1380 2812 C.
1400 2785 1444 2811 IX.
1464 2787 1505 2811 34.
1526 2795 1546 2811 c.
1567 2786 1590 2811 8.
1611 2785 1642 2811 de
1661 2785 1751 2813 famus.
1771 2785 1853 2812 libell.
1890 2784 1937 2810 Le-

1097 2838 1156 2865 gum
1175 2828 1305 2866 praesidia
1325 2828 1481 2864 (denegari.)
1502 2827 1538 2854 lb.
1552 2827 1583 2854 11.
1599 2829 1638 2855 16.
1659 2838 1680 2855 c.
1695 2830 1719 2856 2.
1734 2839 1772 2866 pr.
1793 2828 1825 2855 de
1843 2827 1936 2863 integri
